%% This BibTeX bibliography file was created using BibDesk.
%% https://bibdesk.sourceforge.io/

%% Created for Nitish Thatte at 2019-04-06 14:08:14 -0400 


%% Saved with string encoding Unicode (UTF-8) 



@conference{thatte2019robust,
	Author = {Thatte, Nitish and Shah, Tanvi and Geyer, Hartmut},
	Booktitle = {Intelligent Robots and Systems (IROS 2019), 2019 IEEE/RSJ International Conference on},
	Date-Added = {2019-04-06 14:07:13 -0400},
	Date-Modified = {2019-04-06 14:08:12 -0400},
	Organization = {IEEE},
	Title = {Robust and Adaptive Lower Limb Prosthesis Control via Extended
    Kalman Filter-Based Gait Phase Estimation},
	Year = {2019}}

@conference{thatte2019realtime,
	Author = {Thatte, Nitish and Srinivasan, Nandagopal and Geyer, Hartmut},
	Booktitle = {Proceedings of Robotics: Science and Systems},
	Date-Added = {2019-04-06 14:05:21 -0400},
	Date-Modified = {2019-04-06 14:06:34 -0400},
	Title = {Real-time Reactive Trip Avoidance for Powered Transfemoral Prostheses},
	Year = {2019}}

@conference{gordon2019online,
	Author = {Gordon, Max and Thatte, Nitish and Geyer, Hartmut},
	Booktitle = {Robotics and Automation (ICRA), 2019 IEEE International Conference on},
	Date-Added = {2019-04-06 14:01:25 -0400},
	Date-Modified = {2019-04-06 14:04:50 -0400},
	Organization = {IEEE},
	Title = {Online Learning for Proactive Obstacle Avoidance with Powered Transfemoral Prostheses},
	Year = {2019}}

@article{ageing2008global,
	Author = {Ageing, WHO and Unit, LC},
	Date-Added = {2019-03-10 19:24:21 -0400},
	Date-Modified = {2019-03-10 19:24:21 -0400},
	Journal = {World Health Organization},
	Title = {WHO global report on falls prevention in older age},
	Year = {2008}}

@incollection{geyer2017toward,
	Author = {Geyer, Hartmut and Thatte, Nitish and Duan, Helei},
	Booktitle = {Converging Clinical and Engineering Research on Neurorehabilitation II},
	Date-Added = {2019-03-10 19:24:21 -0400},
	Date-Modified = {2019-03-10 19:24:21 -0400},
	Pages = {649--652},
	Publisher = {Springer},
	Title = {Toward Balance Recovery with Active Leg Prostheses Using Neuromuscular Model Control},
	Year = {2017}}

@article{kulkarni1996falls,
	Author = {Kulkarni, J and Wright, S and Toole, C and Morris, J and Hirons, R},
	Date-Added = {2019-03-10 19:24:21 -0400},
	Date-Modified = {2019-03-10 19:24:21 -0400},
	Journal = {Physiotherapy},
	Number = {82},
	Pages = {130--136},
	Title = {Falls in patients with lower limb amputations: prevalence and contributing factors},
	Volume = {2},
	Year = {1996}}

@inproceedings{lawson2010stumble,
	Author = {Lawson, Brian E and Varol, H Atakan and Sup, Frank and Goldfarb, Michael},
	Booktitle = {Engineering in medicine and biology society (EMBC), 2010 annual international conference of the IEEE},
	Date-Added = {2019-03-10 19:24:21 -0400},
	Date-Modified = {2019-03-10 19:24:21 -0400},
	Organization = {IEEE},
	Pages = {511--514},
	Title = {Stumble detection and classification for an intelligent transfemoral prosthesis},
	Year = {2010}}

@article{lenzi2014speed,
	Author = {Lenzi, Tommaso and Hargrove, Levi and Sensinger, Jonathon},
	Date-Added = {2019-03-10 19:24:21 -0400},
	Date-Modified = {2019-03-10 19:24:21 -0400},
	Journal = {IEEE Robotics \& Automation Magazine},
	Number = {4},
	Pages = {94--107},
	Publisher = {IEEE},
	Title = {Speed-adaptation mechanism: Robotic prostheses can actively regulate joint torque},
	Volume = {21},
	Year = {2014}}

@article{miller2001prevalence,
	Author = {Miller, William C and Speechley, Mark and Deathe, Barry},
	Date-Added = {2019-03-10 19:24:21 -0400},
	Date-Modified = {2019-03-10 19:24:21 -0400},
	Journal = {Archives of physical medicine and rehabilitation},
	Number = {8},
	Pages = {1031--1037},
	Publisher = {Elsevier},
	Title = {The prevalence and risk factors of falling and fear of falling among lower extremity amputees},
	Volume = {82},
	Year = {2001}}

@article{patla1995role,
	Author = {Patla, Aftab E and Prentice, Stephen D},
	Date-Added = {2019-03-10 19:24:21 -0400},
	Date-Modified = {2019-03-10 19:24:21 -0400},
	Journal = {Experimental Brain Research},
	Number = {3},
	Pages = {499--504},
	Publisher = {Springer},
	Title = {The role of active forces and intersegmental dynamics in the control of limb trajectory over obstacles during locomotion in humans},
	Volume = {106},
	Year = {1995}}

@article{ratliff2007online,
	Author = {Ratliff, Nathan D and Bagnell, J Andrew and Zinkevich, Martin A},
	Date-Added = {2019-03-10 19:24:21 -0400},
	Date-Modified = {2019-03-10 19:24:21 -0400},
	Journal = {Robotics Institute},
	Pages = {55},
	Title = {(Online) subgradient methods for structured prediction},
	Year = {2007}}

@article{shenoy2008online,
	Author = {Shenoy, Pradeep and Miller, Kai J and Crawford, Beau and Rao, Rajesh PN},
	Date-Added = {2019-03-10 19:24:21 -0400},
	Date-Modified = {2019-03-10 19:24:21 -0400},
	Journal = {IEEE transactions on biomedical engineering},
	Number = {3},
	Pages = {1128--1135},
	Publisher = {IEEE},
	Title = {Online electromyographic control of a robotic prosthesis},
	Volume = {55},
	Year = {2008}}

@inproceedings{shirota2014recovery,
	Author = {Shirota, Camila and Simon, Ann M and Kuiken, Todd A},
	Booktitle = {Engineering in Medicine and Biology Society (EMBC), 2014 36th Annual International Conference of the IEEE},
	Date-Added = {2019-03-10 19:24:21 -0400},
	Date-Modified = {2019-03-10 19:24:21 -0400},
	Organization = {IEEE},
	Pages = {6199--6202},
	Title = {Recovery strategy identification throughout swing phase using kinematic data from the tripped leg},
	Year = {2014}}

@article{shirota2015transfemoral,
	Author = {Shirota, Camila and Simon, Ann M and Kuiken, Todd A},
	Date-Added = {2019-03-10 19:24:21 -0400},
	Date-Modified = {2019-03-10 19:24:21 -0400},
	Journal = {Journal of neuroengineering and rehabilitation},
	Number = {1},
	Pages = {79},
	Publisher = {BioMed Central},
	Title = {Transfemoral amputee recovery strategies following trips to their sound and prosthesis sides throughout swing phase},
	Volume = {12},
	Year = {2015}}

@article{spanias2018online,
	Author = {Spanias, JA and Simon, AM and Finucane, SB and Perreault, EJ and Hargrove, LJ},
	Date-Added = {2019-03-10 19:24:21 -0400},
	Date-Modified = {2019-03-10 19:24:21 -0400},
	Journal = {Journal of neural engineering},
	Number = {1},
	Pages = {016015},
	Publisher = {IOP Publishing},
	Title = {Online adaptive neural control of a robotic lower limb prosthesis},
	Volume = {15},
	Year = {2018}}

@article{sup2008design,
	Author = {Sup, Frank and Bohara, Amit and Goldfarb, Michael},
	Date-Added = {2019-03-10 19:24:21 -0400},
	Date-Modified = {2019-03-10 19:24:21 -0400},
	Journal = {The International journal of robotics research},
	Number = {2},
	Pages = {263--273},
	Publisher = {Sage Publications Sage UK: London, England},
	Title = {Design and control of a powered transfemoral prosthesis},
	Volume = {27},
	Year = {2008}}

@inproceedings{thatte2018method,
	Author = {Thatte, Nitish and Duan, Helei and Geyer, Hartmut},
	Booktitle = {Robotics and Automation (ICRA), 2018 IEEE International Conference on},
	Date-Added = {2019-03-10 19:24:21 -0400},
	Date-Modified = {2019-03-10 19:24:21 -0400},
	Organization = {IEEE},
	Title = {A Method for Online Optimization of Lower Limb Assistive Devices with High Dimensional Parameter Spaces},
	Year = {2018}}

@article{bovi2011multiple,
	Author = {Bovi, Gabriele and Rabuffetti, Marco and Mazzoleni, Paolo and Ferrarin, Maurizio},
	Date-Added = {2019-03-10 17:32:05 -0400},
	Date-Modified = {2019-03-10 17:32:05 -0400},
	Journal = {Gait \& posture},
	Number = {1},
	Pages = {6--13},
	Publisher = {Elsevier},
	Title = {A multiple-task gait analysis approach: kinematic, kinetic and EMG reference data for healthy young and adult subjects},
	Volume = {33},
	Year = {2011}}

@article{geyer2010muscle,
	Author = {Geyer, Hartmut and Herr, Hugh},
	Date-Added = {2019-03-10 17:32:05 -0400},
	Date-Modified = {2019-03-10 17:32:05 -0400},
	Journal = {IEEE Transactions on neural systems and rehabilitation engineering},
	Number = {3},
	Pages = {263--273},
	Publisher = {IEEE},
	Title = {A muscle-reflex model that encodes principles of legged mechanics produces human walking dynamics and muscle activities},
	Volume = {18},
	Year = {2010}}

@article{lawson2014robotic,
	Author = {Lawson, Brian E and Mitchell, Jason and Truex, Don and Shultz, Amanda and Ledoux, Elissa and Goldfarb, Michael},
	Date-Added = {2019-03-10 17:32:05 -0400},
	Date-Modified = {2019-03-10 17:32:05 -0400},
	Journal = {IEEE Robotics \& Automation Magazine},
	Number = {4},
	Pages = {70--81},
	Publisher = {IEEE},
	Title = {A robotic leg prosthesis: Design, control, and implementation},
	Volume = {21},
	Year = {2014}}

@inproceedings{wen2016adaptive,
	Author = {Wen, Yue and Liu, Ming and Si, Jennie and Huang, He Helen},
	Booktitle = {Engineering in Medicine and Biology Society (EMBC), 2016 IEEE 38th Annual International Conference of the},
	Date-Added = {2019-03-10 17:32:05 -0400},
	Date-Modified = {2019-03-10 17:32:05 -0400},
	Organization = {IEEE},
	Pages = {5071--5074},
	Title = {Adaptive control of powered transfemoral prostheses based on adaptive dynamic programming},
	Year = {2016}}

@article{madigan2005age,
	Author = {Madigan, Michael L and Lloyd, Emily M},
	Date-Added = {2019-03-10 17:32:05 -0400},
	Date-Modified = {2019-03-10 17:32:05 -0400},
	Journal = {The Journals of Gerontology Series A: Biological Sciences and Medical Sciences},
	Number = {7},
	Pages = {910--914},
	Publisher = {Oxford University Press},
	Title = {Age-related differences in peak joint torques during the support phase of single-step recovery from a forward fall},
	Volume = {60},
	Year = {2005}}

@article{moore2015elaborate,
	Author = {Moore, Jason K and Hnat, Sandra K and van den Bogert, Antonie J},
	Date-Added = {2019-03-10 17:32:05 -0400},
	Date-Modified = {2019-03-10 17:32:05 -0400},
	Journal = {PeerJ},
	Pages = {e918},
	Publisher = {PeerJ Inc.},
	Title = {An elaborate data set on human gait and the effect of mechanical perturbations},
	Volume = {3},
	Year = {2015}}

@article{vardaxis1998classification,
	Author = {Vardaxis, Vassilios G and Allard, Paul and Lachance, R{\'e}gis and Duhaime, Morris},
	Date-Added = {2019-03-10 17:32:05 -0400},
	Date-Modified = {2019-03-10 17:32:05 -0400},
	Journal = {Human Movement Science},
	Number = {1},
	Pages = {121--136},
	Publisher = {Elsevier},
	Title = {Classification of able-bodied gait using 3-D muscle powers},
	Volume = {17},
	Year = {1998}}

@article{simon2014configuring,
	Author = {Simon, Ann M and Ingraham, Kimberly A and Fey, Nicholas P and Finucane, Suzanne B and Lipschutz, Robert D and Young, Aaron J and Hargrove, Levi J},
	Date-Added = {2019-03-10 17:32:05 -0400},
	Date-Modified = {2019-03-10 17:32:05 -0400},
	Journal = {PloS one},
	Number = {6},
	Pages = {e99387},
	Publisher = {Public Library of Science},
	Title = {Configuring a powered knee and ankle prosthesis for transfemoral amputees within five specific ambulation modes},
	Volume = {9},
	Year = {2014}}

@inproceedings{sup2007design,
	Author = {Sup, Frank and Bohara, Amit and Goldfarb, Michael},
	Booktitle = {Robotics and Automation, 2007 IEEE International Conference on},
	Date-Added = {2019-03-10 17:32:05 -0400},
	Date-Modified = {2019-03-10 17:32:05 -0400},
	Organization = {IEEE},
	Pages = {4134--4139},
	Title = {Design and control of a powered knee and ankle prosthesis},
	Year = {2007}}

@article{schepelmann2012development,
	Author = {Schepelmann, Alexander and Taylor, Michael D and Geyer, Hartmut},
	Date-Added = {2019-03-10 17:32:05 -0400},
	Date-Modified = {2019-03-10 17:32:05 -0400},
	Journal = {Robotics: Science and Systems VIII},
	Title = {Development of a testbed for robotic neuromuscular controllers},
	Volume = {4},
	Year = {2012}}

@inproceedings{wu2016double,
	Author = {Wu, Huasen and Liu, Xin},
	Booktitle = {Advances in Neural Information Processing Systems},
	Date-Added = {2019-03-10 17:32:05 -0400},
	Date-Modified = {2019-03-10 17:32:05 -0400},
	Pages = {649--657},
	Title = {Double thompson sampling for dueling bandits},
	Year = {2016}}

@article{pijnappels2005early,
	Author = {Pijnappels, Mirjam and Bobbert, Maarten F and van Die{\"e}n, Jaap H},
	Date-Added = {2019-03-10 17:32:05 -0400},
	Date-Modified = {2019-03-10 17:32:05 -0400},
	Journal = {Journal of biomechanics},
	Number = {3},
	Pages = {627--634},
	Publisher = {Elsevier},
	Title = {How early reactions in the support limb contribute to balance recovery after tripping},
	Volume = {38},
	Year = {2005}}

@article{arnold2013muscle,
	Author = {Arnold, Edith M and Hamner, Samuel R and Seth, Ajay and Millard, Matthew and Delp, Scott L},
	Date-Added = {2019-03-10 17:32:05 -0400},
	Date-Modified = {2019-03-10 17:32:05 -0400},
	Journal = {Journal of Experimental Biology},
	Number = {11},
	Pages = {2150--2160},
	Publisher = {The Company of Biologists Ltd},
	Title = {How muscle fiber lengths and velocities affect muscle force generation as humans walk and run at different speeds},
	Volume = {216},
	Year = {2013}}

@article{zhang2017human,
	Author = {Zhang, Juanjuan and Fiers, Pieter and Witte, Kirby A and Jackson, Rachel W and Poggensee, Katherine L and Atkeson, Christopher G and Collins, Steven H},
	Date-Added = {2019-03-10 17:32:05 -0400},
	Date-Modified = {2019-03-10 17:32:05 -0400},
	Journal = {Science},
	Number = {6344},
	Pages = {1280--1284},
	Publisher = {American Association for the Advancement of Science},
	Title = {Human-in-the-loop optimization of exoskeleton assistance during walking},
	Volume = {356},
	Year = {2017}}

@article{grabiner1993kinematics,
	Author = {Grabiner, Mark D and Koh, Timothy J and Lundin, Thomas M and Jahnigen, Dennis W},
	Date-Added = {2019-03-10 17:32:05 -0400},
	Date-Modified = {2019-03-10 17:32:05 -0400},
	Journal = {Journal of gerontology},
	Number = {3},
	Pages = {M97--M102},
	Publisher = {The Gerontological Society of America},
	Title = {Kinematics of recovery from a stumble},
	Volume = {48},
	Year = {1993}}

@inproceedings{aghasadeghi2013learning,
	Author = {Aghasadeghi, Navid and Zhao, Huihua and Hargrove, Levi J and Ames, Aaron D and Perreault, Eric J and Bretl, Timothy},
	Booktitle = {Intelligent robots and systems (IROS), 2013 IEEE/RSJ international conference on},
	Date-Added = {2019-03-10 17:32:05 -0400},
	Date-Modified = {2019-03-10 17:32:05 -0400},
	Organization = {IEEE},
	Pages = {4268--4274},
	Title = {Learning impedance controller parameters for lower-limb prostheses},
	Year = {2013}}

@article{garivier2008upper,
	Author = {Garivier, Aur{\'e}lien and Moulines, Eric},
	Date-Added = {2019-03-10 17:32:05 -0400},
	Date-Modified = {2019-03-10 17:32:05 -0400},
	Journal = {arXiv preprint arXiv:0805.3415},
	Title = {On upper-confidence bound policies for non-stationary bandit problems},
	Year = {2008}}

@article{geyer2003positive,
	Author = {Geyer, Hartmut and Seyfarth, Andre and Blickhan, Reinhard},
	Date-Added = {2019-03-10 17:32:05 -0400},
	Date-Modified = {2019-03-10 17:32:05 -0400},
	Journal = {Proceedings of the Royal Society of London B: Biological Sciences},
	Number = {1529},
	Pages = {2173--2183},
	Publisher = {The Royal Society},
	Title = {Positive force feedback in bouncing gaits?},
	Volume = {270},
	Year = {2003}}

@inproceedings{quintero2016preliminary,
	Author = {Quintero, David and Villarreal, Dario J and Gregg, Robert D},
	Booktitle = {Intelligent Robots and Systems (IROS), 2016 IEEE/RSJ International Conference on},
	Date-Added = {2019-03-10 17:32:05 -0400},
	Date-Modified = {2019-03-10 17:32:05 -0400},
	Organization = {IEEE},
	Pages = {5427--5433},
	Title = {Preliminary experiments with a unified controller for a powered knee-ankle prosthetic leg across walking speeds},
	Year = {2016}}

@inproceedings{pratt1995series,
	Author = {Pratt, Gill A and Williamson, Matthew M},
	Booktitle = {Intelligent Robots and Systems 95.'Human Robot Interaction and Cooperative Robots', Proceedings. 1995 IEEE/RSJ International Conference on},
	Date-Added = {2019-03-10 17:32:05 -0400},
	Date-Modified = {2019-03-10 17:32:05 -0400},
	Organization = {IEEE},
	Pages = {399--406},
	Title = {Series elastic actuators},
	Volume = {1},
	Year = {1995}}

@article{markowitz2011speed,
	Author = {Markowitz, Jared and Krishnaswamy, Pavitra and Eilenberg, Michael F and Endo, Ken and Barnhart, Chris and Herr, Hugh},
	Date-Added = {2019-03-10 17:32:05 -0400},
	Date-Modified = {2019-03-10 17:32:05 -0400},
	Journal = {Philosophical Transactions of the Royal Society of London B: Biological Sciences},
	Number = {1570},
	Pages = {1621--1631},
	Publisher = {The Royal Society},
	Title = {Speed adaptation in a powered transtibial prosthesis controlled with a neuromuscular model},
	Volume = {366},
	Year = {2011}}

@incollection{hansen2006cma,
	Author = {Hansen, Nikolaus},
	Booktitle = {Towards a new evolutionary computation},
	Date-Added = {2019-03-10 17:32:05 -0400},
	Date-Modified = {2019-03-10 17:32:05 -0400},
	Pages = {75--102},
	Publisher = {Springer},
	Title = {The CMA evolution strategy: a comparing review},
	Year = {2006}}

@article{yue2012k,
	Author = {Yue, Yisong and Broder, Josef and Kleinberg, Robert and Joachims, Thorsten},
	Date-Added = {2019-03-10 17:32:05 -0400},
	Date-Modified = {2019-03-10 17:32:05 -0400},
	Journal = {Journal of Computer and System Sciences},
	Number = {5},
	Pages = {1538--1556},
	Publisher = {Elsevier},
	Title = {The k-armed dueling bandits problem},
	Volume = {78},
	Year = {2012}}

@article{thatte2016toward,
	Author = {Thatte, Nitish and Geyer, Hartmut},
	Date-Added = {2019-03-10 17:32:05 -0400},
	Date-Modified = {2019-03-10 17:32:05 -0400},
	Journal = {IEEE Transactions on Biomedical Engineering},
	Number = {5},
	Pages = {904--913},
	Publisher = {IEEE},
	Title = {Toward balance recovery with leg prostheses using neuromuscular model control},
	Volume = {63},
	Year = {2016}}

@article{sup2011upslope,
	Author = {Sup, Frank and Varol, Huseyin Atakan and Goldfarb, Michael},
	Date-Added = {2019-03-10 17:32:05 -0400},
	Date-Modified = {2019-03-10 17:32:05 -0400},
	Journal = {IEEE Transactions on Neural Systems and Rehabilitation Engineering},
	Number = {1},
	Pages = {71--78},
	Publisher = {IEEE},
	Title = {Upslope walking with a powered knee and ankle prosthesis: initial results with an amputee subject},
	Volume = {19},
	Year = {2011}}

@inproceedings{yan2018locomotion,
	Author = {Yan, Tingfang and Sun, Yuxiang and Liu, Tingting and Chcung, Chi-Hong and Meng, Max Qing-Hu},
	Booktitle = {2018 IEEE International Conference on Robotics and Automation (ICRA)},
	Date-Added = {2019-03-09 14:52:30 -0500},
	Date-Modified = {2019-03-09 14:52:30 -0500},
	Organization = {IEEE},
	Pages = {6766--6772},
	Title = {A Locomotion Recognition System Using Depth Images},
	Year = {2018}}

@article{dijkstra1959note,
	Author = {Dijkstra, Edsger W},
	Date-Added = {2019-03-09 14:52:30 -0500},
	Date-Modified = {2019-03-09 14:52:30 -0500},
	Journal = {Numerische mathematik},
	Number = {1},
	Pages = {269--271},
	Publisher = {Springer},
	Title = {A note on two problems in connexion with graphs},
	Volume = {1},
	Year = {1959}}

@inproceedings{ratliff2009chomp,
	Author = {Ratliff, Nathan and Zucker, Matt and Bagnell, J Andrew and Srinivasa, Siddhartha},
	Booktitle = {Robotics and Automation, 2009. ICRA'09. IEEE International Conference on},
	Date-Added = {2019-03-09 14:52:30 -0500},
	Date-Modified = {2019-03-09 14:52:30 -0500},
	Organization = {IEEE},
	Pages = {489--494},
	Title = {CHOMP: Gradient optimization techniques for efficient motion planning},
	Year = {2009}}

@article{krausz2015depth,
	Author = {Krausz, Nili Eliana and Lenzi, Tommaso and Hargrove, Levi J},
	Date-Added = {2019-03-09 14:52:30 -0500},
	Date-Modified = {2019-03-09 14:52:30 -0500},
	Journal = {IEEE Transactions on Biomedical Engineering},
	Number = {11},
	Pages = {2576--2587},
	Publisher = {IEEE},
	Title = {Depth sensing for improved control of lower limb prostheses},
	Volume = {62},
	Year = {2015}}

@article{liu2016development,
	Author = {Liu, Ming and Wang, Ding and Huang, He Helen},
	Date-Added = {2019-03-09 14:52:30 -0500},
	Date-Modified = {2019-03-09 14:52:30 -0500},
	Journal = {IEEE Transactions on Neural Systems and Rehabilitation Engineering},
	Number = {4},
	Pages = {434--443},
	Publisher = {IEEE},
	Title = {Development of an environment-aware locomotion mode recognition system for powered lower limb prostheses},
	Volume = {24},
	Year = {2016}}

@article{gauthier1999enabling,
	Author = {Gauthier-Gagnon, Christiane and Gris{\'e}, Marie-Claude and Potvin, Diane},
	Date-Added = {2019-03-09 14:52:30 -0500},
	Date-Modified = {2019-03-09 14:52:30 -0500},
	Journal = {Archives of physical medicine and rehabilitation},
	Number = {6},
	Pages = {706--713},
	Publisher = {Elsevier},
	Title = {Enabling factors related to prosthetic use by people with transtibial and transfemoral amputation},
	Volume = {80},
	Year = {1999}}

@inproceedings{scandaroli2009estimation,
	Author = {Scandaroli, Glauco Garcia and Borges, Geovany Ara{\'u}jo and Ishihara, Jo{\~a}o Yoshiyuki and Terra, Marco Henrique and da Rocha, Adson Ferreira and de Oliveira Nascimento, Francisco Assis},
	Booktitle = {Intelligent robots and systems, 2009. IROS 2009. IEEE/RSJ international conference on},
	Date-Added = {2019-03-09 14:52:30 -0500},
	Date-Modified = {2019-03-09 14:52:30 -0500},
	Organization = {IEEE},
	Pages = {1112--1117},
	Title = {Estimation of foot orientation with respect to ground for an above knee robotic prosthesis},
	Year = {2009}}

@incollection{rasmussen2004gaussian,
	Author = {Rasmussen, Carl Edward},
	Booktitle = {Advanced lectures on machine learning},
	Date-Added = {2019-03-09 14:52:30 -0500},
	Date-Modified = {2019-03-09 14:52:30 -0500},
	Pages = {63--71},
	Publisher = {Springer},
	Title = {Gaussian processes in machine learning},
	Year = {2004}}

@article{gupta2007kalman,
	Author = {Gupta, Nachi and Hauser, Raphael},
	Date-Added = {2019-03-09 14:52:30 -0500},
	Date-Modified = {2019-03-09 14:52:30 -0500},
	Journal = {arXiv preprint arXiv:0709.2791},
	Title = {Kalman filtering with equality and inequality state constraints},
	Year = {2007}}

@inproceedings{snelson2007local,
	Author = {Snelson, Edward and Ghahramani, Zoubin},
	Booktitle = {Artificial Intelligence and Statistics},
	Date-Added = {2019-03-09 14:52:30 -0500},
	Date-Modified = {2019-03-09 14:52:30 -0500},
	Pages = {524--531},
	Title = {Local and global sparse Gaussian process approximations},
	Year = {2007}}

@article{anderson1979optimal,
	Author = {Anderson, Brian DO and Moore, John B},
	Date-Added = {2019-03-09 14:52:30 -0500},
	Date-Modified = {2019-03-09 14:52:30 -0500},
	Journal = {Englewood Cliffs},
	Pages = {22--95},
	Title = {Optimal filtering},
	Volume = {21},
	Year = {1979}}

@inproceedings{zhang2011preliminary,
	Author = {Zhang, Fan and Fang, Zheng and Liu, Ming and Huang, He},
	Booktitle = {Engineering in medicine and biology society, EMBC, 2011 annual international conference of the IEEE},
	Date-Added = {2019-03-09 14:52:30 -0500},
	Date-Modified = {2019-03-09 14:52:30 -0500},
	Organization = {IEEE},
	Pages = {5452--5455},
	Title = {Preliminary design of a terrain recognition system},
	Year = {2011}}

@article{sup2009preliminary,
	Author = {Sup, Frank and Varol, Huseyin Atakan and Mitchell, Jason and Withrow, Thomas J and Goldfarb, Michael},
	Date-Added = {2019-03-09 14:52:30 -0500},
	Date-Modified = {2019-03-09 14:52:30 -0500},
	Journal = {IEEE/ASME Transactions on mechatronics},
	Number = {6},
	Pages = {667--676},
	Publisher = {IEEE},
	Title = {Preliminary evaluations of a self-contained anthropomorphic transfemoral prosthesis},
	Volume = {14},
	Year = {2009}}

@article{jaegers1995prosthetic,
	Author = {Jaegers, Sonja MHJ and Arendzen, J Hans and de Jongh, Henry J},
	Date-Added = {2019-03-09 14:52:30 -0500},
	Date-Modified = {2019-03-09 14:52:30 -0500},
	Journal = {Archives of physical medicine and rehabilitation},
	Number = {8},
	Pages = {736--743},
	Publisher = {Elsevier},
	Title = {Prosthetic gait of unilateral transfemoral amputees: a kinematic study},
	Volume = {76},
	Year = {1995}}

@inproceedings{duan2018real,
	Author = {Duan, Ran and Yu, Shuangyue and Yue, Guang and Foulds, Richard and Feng, Chen and Tian, Yingli and Su, Hao},
	Booktitle = {2018 Design of Medical Devices Conference},
	Date-Added = {2019-03-09 14:52:30 -0500},
	Date-Modified = {2019-03-09 14:52:30 -0500},
	Organization = {American Society of Mechanical Engineers},
	Pages = {V001T06A003--V001T06A003},
	Title = {Real-Time Robust 3D Plane Extraction for Wearable Robot Perception and Control},
	Year = {2018}}

@inproceedings{desai2012robust,
	Author = {Desai, Ruta and Geyer, Hartmut},
	Booktitle = {Robotics and Biomimetics (ROBIO), 2012 IEEE International Conference on},
	Date-Added = {2019-03-09 14:52:30 -0500},
	Date-Modified = {2019-03-09 14:52:30 -0500},
	Organization = {IEEE},
	Pages = {265--270},
	Title = {Robust swing leg placement under large disturbances},
	Year = {2012}}

@article{mohagheghi2004effects,
	Author = {Mohagheghi, Amir A and Moraes, Renato and Patla, Aftab E},
	Date-Added = {2019-03-09 14:52:30 -0500},
	Date-Modified = {2019-03-09 14:52:30 -0500},
	Journal = {Experimental Brain Research},
	Number = {4},
	Pages = {459--468},
	Publisher = {Springer},
	Title = {The effects of distant and on-line visual information on the control of approach phase and step over an obstacle during locomotion},
	Volume = {155},
	Year = {2004}}

@article{du2012toward,
	Author = {Du, Lin and Zhang, Fan and Liu, Ming and Huang, He},
	Date-Added = {2019-03-09 14:52:30 -0500},
	Date-Modified = {2019-03-09 14:52:30 -0500},
	Journal = {IEEE Transactions on Biomedical Engineering},
	Number = {10},
	Pages = {2716--2725},
	Publisher = {IEEE},
	Title = {Toward design of an environment-aware adaptive locomotion-mode-recognition system},
	Volume = {59},
	Year = {2012}}

@article{zhang2011towards,
	Author = {Zhang, Fan and D'Andrea, Susan E and Nunnery, Michael J and Kay, Steven M and Huang, He},
	Date-Added = {2019-03-09 14:52:30 -0500},
	Date-Modified = {2019-03-09 14:52:30 -0500},
	Journal = {IEEE Transactions on Neural Systems and Rehabilitation Engineering},
	Number = {5},
	Pages = {567--577},
	Publisher = {IEEE},
	Title = {Towards design of a stumble detection system for artificial legs},
	Volume = {19},
	Year = {2011}}

@article{massalin2017user,
	Author = {Massalin, Yerzhan and Abdrakhmanova, Madina and Varol, Huseyin Atakan},
	Date-Added = {2019-03-09 14:52:30 -0500},
	Date-Modified = {2019-03-09 14:52:30 -0500},
	Journal = {IEEE Transactions on Biomedical Engineering},
	Publisher = {IEEE},
	Title = {User-Independent Intent Recognition for Lower-Limb Prostheses Using Depth Sensing},
	Year = {2017}}

@inproceedings{rezazadeh2018phase,
	Author = {Rezazadeh, Siavash and Quintero, David and Divekar, Nikhil and Gregg, Robert D},
	Booktitle = {2018 IEEE/RSJ International Conference on Intelligent Robots and Systems (IROS)},
	Date-Added = {2019-03-09 11:57:20 -0500},
	Date-Modified = {2019-03-09 11:57:20 -0500},
	Organization = {IEEE},
	Pages = {2292--2298},
	Title = {A phase variable approach to volitional control of powered knee-ankle prostheses},
	Year = {2018}}

@article{vallery2011complementary,
	Author = {Vallery, Heike and Burgkart, Rainer and Hartmann, Cornelia and Mitternacht, J{\"u}rgen and Riener, Robert and Buss, Martin},
	Date-Added = {2019-03-09 11:57:20 -0500},
	Date-Modified = {2019-03-09 11:57:20 -0500},
	Journal = {Biomedizinische Technik/Biomedical Engineering},
	Number = {1},
	Pages = {45--51},
	Publisher = {Walter de Gruyter},
	Title = {Complementary limb motion estimation for the control of active knee prostheses},
	Volume = {56},
	Year = {2011}}

@article{ziegler2008estimating,
	Author = {Ziegler-Graham, Kathryn and MacKenzie, Ellen J and Ephraim, Patti L and Travison, Thomas G and Brookmeyer, Ron},
	Date-Added = {2019-03-09 11:57:20 -0500},
	Date-Modified = {2019-03-09 11:57:20 -0500},
	Journal = {Archives of physical medicine and rehabilitation},
	Number = {3},
	Pages = {422--429},
	Publisher = {Elsevier},
	Title = {Estimating the prevalence of limb loss in the United States: 2005 to 2050},
	Volume = {89},
	Year = {2008}}

@inproceedings{tilton2012filtering,
	Author = {Tilton, Adam K and Hsiao-Wecksler, Elizabeth T and Mehta, Prashant G},
	Booktitle = {American Control Conference (ACC), 2012},
	Date-Added = {2019-03-09 11:57:20 -0500},
	Date-Modified = {2019-03-09 11:57:20 -0500},
	Organization = {IEEE},
	Pages = {3433--3438},
	Title = {Filtering with rhythms: Application to estimation of gait cycle},
	Year = {2012}}

@article{ko2009gp,
	Author = {Ko, Jonathan and Fox, Dieter},
	Date-Added = {2019-03-09 11:57:20 -0500},
	Date-Modified = {2019-03-09 11:57:20 -0500},
	Journal = {Autonomous Robots},
	Number = {1},
	Pages = {75--90},
	Publisher = {Springer},
	Title = {GP-BayesFilters: Bayesian filtering using Gaussian process prediction and observation models},
	Volume = {27},
	Year = {2009}}

@article{liu2014improving,
	Author = {Liu, Ming and Zhang, Fan and Datseris, Philip and Huang, He Helen},
	Date-Added = {2019-03-09 11:57:20 -0500},
	Date-Modified = {2019-03-09 11:57:20 -0500},
	Journal = {Journal of Intelligent \& Robotic Systems},
	Number = {3-4},
	Pages = {461--474},
	Publisher = {Springer},
	Title = {Improving finite state impedance control of active-transfemoral prosthesis using dempster-shafer based state transition rules},
	Volume = {76},
	Year = {2014}}

@inproceedings{dhir2018locomotion,
	Author = {Dhir, Neil and Dallali, Houman and Ficanha, Evandro Maicon and Ribeiro, Guilherme Aramizo and Rastgaar, Mo},
	Booktitle = {2018 IEEE International Conference on Robotics and Automation (ICRA)},
	Date-Added = {2019-03-09 11:57:20 -0500},
	Date-Modified = {2019-03-09 11:57:20 -0500},
	Organization = {IEEE},
	Pages = {1488--1495},
	Title = {Locomotion envelopes for adaptive control of powered ankle prostheses},
	Year = {2018}}

@incollection{gibbons2011nonparametric,
	Author = {Gibbons, Jean Dickinson and Chakraborti, Subhabrata},
	Booktitle = {International encyclopedia of statistical science},
	Date-Added = {2019-03-09 11:57:20 -0500},
	Date-Modified = {2019-03-09 11:57:20 -0500},
	Pages = {977--979},
	Publisher = {Springer},
	Title = {Nonparametric statistical inference},
	Year = {2011}}

@article{ranganathan2011online,
	Author = {Ranganathan, Ananth and Yang, Ming-Hsuan and Ho, Jeffrey},
	Date-Added = {2019-03-09 11:57:20 -0500},
	Date-Modified = {2019-03-09 11:57:20 -0500},
	Journal = {IEEE Transactions on Image Processing},
	Number = {2},
	Pages = {391--404},
	Publisher = {IEEE},
	Title = {Online sparse Gaussian process regression and its applications},
	Volume = {20},
	Year = {2011}}

@article{fischler1981random,
	Author = {Fischler, Martin A and Bolles, Robert C},
	Date-Added = {2019-03-09 11:57:20 -0500},
	Date-Modified = {2019-03-09 11:57:20 -0500},
	Journal = {Communications of the ACM},
	Number = {6},
	Pages = {381--395},
	Publisher = {ACM},
	Title = {Random sample consensus: a paradigm for model fitting with applications to image analysis and automated cartography},
	Volume = {24},
	Year = {1981}}

@article{lee2016summary,
	Author = {Lee, Hyunglae and Rouse, Elliott J and Krebs, Hermano Igo},
	Date-Added = {2019-03-09 11:57:20 -0500},
	Date-Modified = {2019-03-09 11:57:20 -0500},
	Journal = {IEEE journal of translational engineering in health and medicine},
	Pages = {1--7},
	Publisher = {IEEE},
	Title = {Summary of human ankle mechanical impedance during walking},
	Volume = {4},
	Year = {2016}}

@book{winter2009biomechanics,
	Author = {Winter, David A},
	Publisher = {John Wiley \& Sons},
	Title = {Biomechanics and motor control of human movement},
	Year = {2009}}

@article{johansson2005clinical,
	Author = {Johansson, Jennifer L and Sherrill, Delsey M and Riley, Patrick O and Bonato, Paolo and Herr, Hugh},
	Journal = {American journal of physical medicine \& rehabilitation},
	Number = {8},
	Pages = {563--575},
	Publisher = {LWW},
	Title = {A clinical comparison of variable-damping and mechanically passive prosthetic knee devices},
	Volume = {84},
	Year = {2005}}

@book{perry2010gait,
	Author = {Perry, Jacquelin and Burnfield, Judith M},
	Edition = {2},
	Publisher = {Slack Thorofare, NJ},
	Title = {Gait analysis: normal and pathological function},
	Year = {2010}}

@article{nadeau2003frontal,
	Author = {Nadeau, Sylvie and McFadyen, Bradford J and Malouin, Francine},
	Journal = {Clinical Biomechanics},
	Number = {10},
	Pages = {950--959},
	Publisher = {Elsevier},
	Title = {Frontal and sagittal plane analyses of the stair climbing task in healthy adults aged over 40 years: what are the challenges compared to level walking?},
	Volume = {18},
	Year = {2003}}

@article{buczek1990stance,
	Author = {Buczek, Frank L and Cavanagh, PETER R},
	Journal = {Med Sci Sports Exerc},
	Number = {5},
	Pages = {669--677},
	Title = {Stance phase knee and ankle kinematics and kinetics during level and downhill running},
	Volume = {22},
	Year = {1990}}

@article{hubley1983work,
	Author = {Hubley, CL and Wells, RP},
	Journal = {European Journal of Applied Physiology and Occupational Physiology},
	Number = {2},
	Pages = {247--254},
	Publisher = {Springer},
	Title = {A work-energy approach to determine individual joint contributions to vertical jump performance},
	Volume = {50},
	Year = {1983}}

@article{eng1994strategies,
	Author = {Eng, Janice J and Winter, David A and Patla, Aftab E},
	Journal = {Experimental Brain Research},
	Number = {2},
	Pages = {339--349},
	Publisher = {Springer},
	Title = {Strategies for recovery from a trip in early and late swing during human walking},
	Volume = {102},
	Year = {1994}}

@article{waters1976energy,
	Author = {Waters, RL and Perry, Jacquelin and Antonelli, DANIEL and Hislop, Helen},
	Journal = {J Bone Joint Surg Am},
	Number = {1},
	Pages = {42--46},
	Publisher = {The American Orthopedic Association},
	Title = {Energy cost of walking of amputees: the influence of level of amputation},
	Volume = {58},
	Year = {1976}}

@article{lawson2013control,
	Author = {Lawson, Brian Edward and Varol, Huseyin Atakan and Huff, Amanda and Erdemir, Erdem and Goldfarb, Michael},
	Journal = {IEEE Transactions on Neural Systems and Rehabilitation Engineering},
	Number = {3},
	Pages = {466--473},
	Publisher = {IEEE},
	Title = {Control of stair ascent and descent with a powered transfemoral prosthesis},
	Volume = {21},
	Year = {2013}}

@article{herr2012bionic,
	Author = {Herr, Hugh M. and Grabowski, Alena M.},
	Doi = {10.1098/rspb.2011.1194},
	Eprint = {http://rspb.royalsocietypublishing.org/content/279/1728/457.full.pdf},
	Issn = {0962-8452},
	Journal = {Proceedings of the Royal Society of London B: Biological Sciences},
	Number = {1728},
	Pages = {457--464},
	Publisher = {The Royal Society},
	Title = {Bionic ankle{\textendash}foot prosthesis normalizes walking gait for persons with leg amputation},
	Url = {http://rspb.royalsocietypublishing.org/content/279/1728/457},
	Volume = {279},
	Year = {2011},
	Bdsk-Url-1 = {http://rspb.royalsocietypublishing.org/content/279/1728/457},
	Bdsk-Url-2 = {https://doi.org/10.1098/rspb.2011.1194}}

@inproceedings{huff2012running,
	Author = {Huff, Amanda M and Lawson, Brian E and Goldfarb, Michael},
	Booktitle = {2012 Annual International Conference of the IEEE Engineering in Medicine and Biology Society},
	Organization = {IEEE},
	Pages = {4168--4171},
	Title = {A running controller for a powered transfemoral prosthesis},
	Year = {2012}}

@article{shultz2015running,
	Author = {Shultz, Amanda H and Lawson, Brian E and Goldfarb, Michael},
	Journal = {IEEE Transactions on Neural Systems and Rehabilitation Engineering},
	Number = {3},
	Pages = {403--412},
	Publisher = {IEEE},
	Title = {Running with a powered knee and ankle prosthesis},
	Volume = {23},
	Year = {2015}}

@inproceedings{varol2009powered,
	Author = {Varol, Huseyin Atakan and Sup, Frank and Goldfarb, Michael},
	Booktitle = {2009 IEEE International Conference on Rehabilitation Robotics},
	Organization = {IEEE},
	Pages = {645--651},
	Title = {Powered sit-to-stand and assistive stand-to-sit framework for a powered transfemoral prosthesis},
	Year = {2009}}

@article{rouse2015design,
	Author = {Rouse, Elliott J and Villagaray-Carski, Nathan C and Emerson, Robert W and Herr, Hugh M},
	Journal = {PloS one},
	Number = {8},
	Pages = {e0135148},
	Publisher = {Public Library of Science},
	Title = {Design and Testing of a Bionic Dancing Prosthesis},
	Volume = {10},
	Year = {2015}}

@inproceedings{thatte2014towards,
	Author = {Thatte, Nitish and Geyer, Hartmut},
	Booktitle = {2014 IEEE/RSJ International Conference on Intelligent Robots and Systems},
	Organization = {IEEE},
	Pages = {2069--2074},
	Title = {Towards local reflexive control of a powered transfemoral prosthesis for robust amputee push and trip recovery},
	Year = {2014}}

@article{thatte2017sample,
	Author = {Thatte, Nitish and Duan, Helei and Geyer, Hartmut},
	Journal = {IEEE Robotics and Automation Letters},
	Publisher = {IEEE},
	Title = {A Sample-Efficient Black-Box Optimizer to Train Policies for Human-in-the-Loop Systems with User Preferences},
	Year = {2017}}

@phdthesis{schepelmann2016evaluation,
	Author = {Schepelmann, Alexander},
	School = {Carnegie Mellon University},
	Title = {Evaluation of Decentralized Reactive Swing-Leg Controllers on Powered Robotic Legs},
	Year = {2016}}

@book{mcgeer_1992,
	Author = {McGeer, Tad},
	Collection = {Advances in Comparative and Environmental Physiology},
	Place = {Berlin, Heielberg},
	Publisher = {Springer-Verlag},
	Series = {Advances in Comparative and Environmental Physiology},
	Title = {Principles of walking and running},
	Volume = {11},
	Year = {1992}}

@article{geyer2006compliant,
	Author = {Geyer, Hartmut and Seyfarth, Andre and Blickhan, Reinhard},
	Journal = {Proceedings of the Royal Society of London B: Biological Sciences},
	Number = {1603},
	Pages = {2861--2867},
	Publisher = {The Royal Society},
	Title = {Compliant leg behaviour explains basic dynamics of walking and running},
	Volume = {273},
	Year = {2006}}

@article{mochon1980ballistic,
	Author = {Mochon, Simon and McMahon, Thomas A},
	Journal = {Journal of biomechanics},
	Number = {1},
	Pages = {49--57},
	Publisher = {Elsevier},
	Title = {Ballistic walking},
	Volume = {13},
	Year = {1980}}

@article{mcgeer1990passive,
	Author = {McGeer, Tad},
	Journal = {The international journal of robotics research},
	Number = {2},
	Pages = {62--82},
	Publisher = {Sage Publications},
	Title = {Passive dynamic walking},
	Volume = {9},
	Year = {1990}}

@article{collins2005efficient,
	Author = {Collins, Steve and Ruina, Andy and Tedrake, Russ and Wisse, Martijn},
	Journal = {Science},
	Number = {5712},
	Pages = {1082--1085},
	Publisher = {American Association for the Advancement of Science},
	Title = {Efficient bipedal robots based on passive-dynamic walkers},
	Volume = {307},
	Year = {2005}}

@article{feng2015optimization,
	Author = {Feng, Siyuan and Whitman, Eric and Xinjilefu, X and Atkeson, Christopher G},
	Journal = {Journal of Field Robotics},
	Number = {2},
	Pages = {293--312},
	Publisher = {Wiley Online Library},
	Title = {Optimization-based Full Body Control for the DARPA Robotics Challenge},
	Volume = {32},
	Year = {2015}}

@inproceedings{kuindersma2014efficiently,
	Author = {Kuindersma, Scott and Permenter, Frank and Tedrake, Russ},
	Booktitle = {2014 IEEE International Conference on Robotics and Automation (ICRA)},
	Organization = {IEEE},
	Pages = {2589--2594},
	Title = {An efficiently solvable quadratic program for stabilizing dynamic locomotion},
	Year = {2014}}

@inproceedings{englsberger2014trajectory,
	Author = {Englsberger, Johannes and Koolen, Twan and Bertrand, Sylvain and Pratt, Jerry and Ott, Christian and Albu-Sch{\"a}ffer, Alin},
	Booktitle = {2014 IEEE/RSJ International Conference on Intelligent Robots and Systems},
	Organization = {IEEE},
	Pages = {4022--4029},
	Title = {Trajectory generation for continuous leg forces during double support and heel-to-toe shift based on divergent component of motion},
	Year = {2014}}

@article{song2015neural,
	Author = {Song, Seungmoon and Geyer, Hartmut},
	Journal = {The Journal of physiology},
	Number = {16},
	Pages = {3493--3511},
	Publisher = {Wiley Online Library},
	Title = {A neural circuitry that emphasizes spinal feedback generates diverse behaviours of human locomotion},
	Volume = {593},
	Year = {2015}}

@article{eilenberg2010control,
	Author = {Eilenberg, Michael F and Geyer, Hartmut and Herr, Hugh},
	Journal = {Neural Systems and Rehabilitation Engineering, IEEE Transactions on},
	Number = {2},
	Pages = {164--173},
	Publisher = {IEEE},
	Title = {Control of a powered ankle--foot prosthesis based on a neuromuscular model},
	Volume = {18},
	Year = {2010}}

@article{argall2009survey,
	Author = {Argall, Brenna D and Chernova, Sonia and Veloso, Manuela and Browning, Brett},
	Journal = {Robotics and autonomous systems},
	Number = {5},
	Pages = {469--483},
	Publisher = {Elsevier},
	Title = {A survey of robot learning from demonstration},
	Volume = {57},
	Year = {2009}}

@inproceedings{ross2011reduction,
	Author = {Ross, St{\'e}phane and Gordon, Geoffrey J and Bagnell, Drew},
	Booktitle = {AISTATS},
	Pages = {6},
	Title = {A Reduction of Imitation Learning and Structured Prediction to No-Regret Online Learning.},
	Year = {2011}}

@article{brown1911intrinsic,
	Author = {Brown, T Graham},
	Journal = {Proceedings of the Royal Society of London. Series B, containing papers of a biological character},
	Number = {572},
	Pages = {308--319},
	Publisher = {JSTOR},
	Title = {The intrinsic factors in the act of progression in the mammal},
	Volume = {84},
	Year = {1911}}

@article{cohen1980neuronal,
	Author = {Cohen, Avis H and Wall{\'e}n, P},
	Journal = {Experimental brain research},
	Number = {1},
	Pages = {11--18},
	Publisher = {Springer},
	Title = {The neuronal correlate of locomotion in fish},
	Volume = {41},
	Year = {1980}}

@article{delvolve1999fictive,
	Author = {Delvolv{\'e}, Isabelle and Branchereau, Pascal and Dubuc, R{\'e}jean and Cabelguen, Jean-Marie},
	Journal = {Journal of Neurophysiology},
	Number = {2},
	Pages = {1074--1077},
	Publisher = {Am Physiological Soc},
	Title = {Fictive rhythmic motor patterns induced by NMDA in an in vitro brain stem--spinal cord preparation from an adult urodele},
	Volume = {82},
	Year = {1999}}

@article{soffe1982tonic,
	Author = {Soffe, SR and Roberts, Alan},
	Journal = {Journal of Neurophysiology},
	Number = {6},
	Pages = {1279--1288},
	Publisher = {Am Physiological Soc},
	Title = {Tonic and phasic synaptic input to spinal cord motoneurons during fictive locomotion in frog embryos},
	Volume = {48},
	Year = {1982}}

@article{ijspeert2008central,
	Author = {Ijspeert, Auke Jan},
	Journal = {Neural Networks},
	Number = {4},
	Pages = {642--653},
	Publisher = {Elsevier},
	Title = {Central pattern generators for locomotion control in animals and robots: a review},
	Volume = {21},
	Year = {2008}}

@article{mcclellan1993mechanosensory,
	Author = {McClellan, ANDREW D and Jang, WOOCHAN},
	Journal = {Journal of Neurophysiology},
	Number = {6},
	Pages = {2442--2454},
	Publisher = {Am Physiological Soc},
	Title = {Mechanosensory inputs to the central pattern generators for locomotion in the lamprey spinal cord: resetting, entrainment, and computer modeling},
	Volume = {70},
	Year = {1993}}

@article{rossignol2000locomotion,
	Author = {Rossignol, Serge},
	Journal = {Current opinion in neurobiology},
	Number = {6},
	Pages = {708--716},
	Publisher = {Elsevier},
	Title = {Locomotion and its recovery after spinal injury},
	Volume = {10},
	Year = {2000}}

@article{taga1991self,
	Author = {Taga, Gentaro and Yamaguchi, Yoko and Shimizu, Hiroshi},
	Journal = {Biological cybernetics},
	Number = {3},
	Pages = {147--159},
	Publisher = {Springer},
	Title = {Self-organized control of bipedal locomotion by neural oscillators in unpredictable environment},
	Volume = {65},
	Year = {1991}}

@article{mackay2002central,
	Author = {MacKay-Lyons, Marilyn},
	Journal = {Physical therapy},
	Number = {1},
	Pages = {69--83},
	Publisher = {American Physical Therapy Association},
	Title = {Central pattern generation of locomotion: a review of the evidence},
	Volume = {82},
	Year = {2002}}

@article{vaughan2003theories,
	Author = {Vaughan, Christopher L},
	Journal = {Journal of biomechanics},
	Number = {4},
	Pages = {513--523},
	Publisher = {Elsevier},
	Title = {Theories of bipedal walking: an odyssey},
	Volume = {36},
	Year = {2003}}

@article{nielsen2003we,
	Author = {Nielsen, Jens Bo},
	Journal = {The Neuroscientist},
	Number = {3},
	Pages = {195--204},
	Publisher = {Sage Publications},
	Title = {How we walk: central control of muscle activity during human walking},
	Volume = {9},
	Year = {2003}}

@article{hellgren1992computer,
	Author = {Hellgren, Jeanette and Grillner, Sten and Lansner, Anders},
	Journal = {Biological cybernetics},
	Number = {1},
	Pages = {1--13},
	Publisher = {Springer},
	Title = {Computer simulation of the segmental neural network generating locomotion in lamprey by using populations of network interneurons},
	Volume = {68},
	Year = {1992}}

@article{traven1993computer,
	Author = {Traven, HG and Brodin, L and Lansner, A and Ekeberg, O and Wall{\'e}n, P and Grillner, S},
	Journal = {Journal of Neurophysiology},
	Number = {2},
	Pages = {695--709},
	Publisher = {Am Physiological Soc},
	Title = {Computer simulations of NMDA and non-NMDA receptor-mediated synaptic drive: sensory and supraspinal modulation of neurons and small networks},
	Volume = {70},
	Year = {1993}}

@article{buchanan1992neural,
	Author = {Buchanan, James T},
	Journal = {Biological cybernetics},
	Number = {4},
	Pages = {367--374},
	Publisher = {Springer},
	Title = {Neural network simulations of coupled locomotor oscillators in the lamprey spinal cord},
	Volume = {66},
	Year = {1992}}

@article{williams1992phase,
	Author = {Williams, Thelma L},
	Journal = {Science},
	Number = {5082},
	Pages = {662--665},
	Publisher = {American Association for the Advancement of Science},
	Title = {Phase coupling by synaptic spread in chains of coupled neuronal oscillators},
	Volume = {258},
	Year = {1992}}

@article{matsuoka1987mechanisms,
	Author = {Matsuoka, Kiyotoshi},
	Journal = {Biological cybernetics},
	Number = {5-6},
	Pages = {345--353},
	Publisher = {Springer},
	Title = {Mechanisms of frequency and pattern control in the neural rhythm generators},
	Volume = {56},
	Year = {1987}}

@article{cohen1982nature,
	Author = {Cohen, Avis H and Holmes, Philip J and Rand, Richard H},
	Journal = {Journal of mathematical biology},
	Number = {3},
	Pages = {345--369},
	Publisher = {Springer},
	Title = {The nature of the coupling between segmental oscillators of the lamprey spinal generator for locomotion: a mathematical model},
	Volume = {13},
	Year = {1982}}

@article{shik1966control,
	Author = {Shik, ML and Severin, FV and ORLOVSKI. GN},
	Journal = {BIOPHYSICS-USSR},
	Number = {4},
	Pages = {756},
	Title = {Control of walking and running by means of electrical stimulation of mid-brain},
	Volume = {11},
	Year = {1966}}

@article{cabelguen2003bimodal,
	Author = {Cabelguen, Jean-Marie and Bourcier-Lucas, C{\'e}line and Dubuc, R{\'e}jean},
	Journal = {The Journal of Neuroscience},
	Number = {6},
	Pages = {2434--2439},
	Publisher = {Soc Neuroscience},
	Title = {Bimodal locomotion elicited by electrical stimulation of the midbrain in the salamander Notophthalmus viridescens},
	Volume = {23},
	Year = {2003}}

@inproceedings{shan2002neural,
	Author = {Shan, Jiang and Nagashima, Fumio},
	Booktitle = {20th annual conference of the robotics society of Japan},
	Title = {Neural locomotion controller design and implementation for humanoid robot HOAP-1},
	Year = {2002}}

@inproceedings{endo2005experimental,
	Author = {Endo, Gen and Nakanishi, Jun and Morimoto, Jun and Cheng, Gordon},
	Booktitle = {Proceedings of the 2005 IEEE international conference on robotics and automation},
	Organization = {IEEE},
	Pages = {596--602},
	Title = {Experimental studies of a neural oscillator for biped locomotion with QRIO},
	Year = {2005}}

@inproceedings{righetti2006programmable,
	Author = {Righetti, Ludovic and Ijspeert, Auke Jan},
	Booktitle = {Proceedings 2006 IEEE International Conference on Robotics and Automation, 2006. ICRA 2006.},
	Organization = {IEEE},
	Pages = {1585--1590},
	Title = {Programmable central pattern generators: an application to biped locomotion control},
	Year = {2006}}

@article{capaday2002special,
	Author = {Capaday, Charles},
	Journal = {Trends in neurosciences},
	Number = {7},
	Pages = {370--376},
	Publisher = {Elsevier},
	Title = {The special nature of human walking and its neural control},
	Volume = {25},
	Year = {2002}}

@article{stewart1991modulation,
	Author = {Stewart, JE and Barbeau, H and Gauthier, S},
	Journal = {Canadian Journal of Neurological Sciences/Journal Canadien des Sciences Neurologiques},
	Number = {03},
	Pages = {321--332},
	Publisher = {Cambridge Univ Press},
	Title = {Modulation of locomotor patterns and spasticity with clonidine in spinal cord injured patients},
	Volume = {18},
	Year = {1991}}

@article{nandi2009development,
	Author = {Nandi, Gora Chand and Ijspeert, Auke Jan and Chakraborty, Pavan and Nandi, Anirban},
	Journal = {Robotics and Autonomous Systems},
	Number = {6},
	Pages = {603--616},
	Publisher = {Elsevier},
	Title = {Development of Adaptive Modular Active Leg (AMAL) using bipedal robotics technology},
	Volume = {57},
	Year = {2009}}

@inproceedings{torrealba2010through,
	Author = {Torrealba, Rafael R and P{\'e}rez-D'Arpino, Claudia and Cappelletto, Jos{\'e} and Fermin-Leon, Leonardo and Fern{\'a}ndez-L{\'o}pez, Gerardo and Grieco, Juan C},
	Booktitle = {Robotics and Automation (ICRA), 2010 IEEE International Conference on},
	Organization = {IEEE},
	Pages = {2934--2939},
	Title = {Through the development of a biomechatronic knee prosthesis for transfemoral amputees: mechanical design and manufacture, human gait characterization, intelligent control strategies and tests},
	Year = {2010}}

@inproceedings{guo2010study,
	Author = {Guo, Xin and Chen, Lingling and Zhang, Yang and Yang, Peng and Zhang, Liqun},
	Booktitle = {Robotics and Biomimetics (ROBIO), 2010 IEEE International Conference on},
	Organization = {IEEE},
	Pages = {283--287},
	Title = {A study on control mechanism of above knee robotic prosthesis based on CPG model},
	Year = {2010}}

@article{mora2012cybernetic,
	Author = {Mora, Gaspar and Torrealba, Rafael R and Cappelletto, Jos{\'e} and Ferm{\'\i}n, Leonardo and Fern{\'a}ndez-L{\'o}pez, G and Grieco, Juan C},
	Journal = {Kybernetes},
	Number = {1/2},
	Pages = {192--205},
	Publisher = {Emerald Group Publishing Limited},
	Title = {Cybernetic knee prosthesis: application of an adaptive central pattern generator},
	Volume = {41},
	Year = {2012}}

@article{righetti2006dynamic,
	Author = {Righetti, Ludovic and Buchli, Jonas and Ijspeert, Auke Jan},
	Journal = {Physica D: Nonlinear Phenomena},
	Number = {2},
	Pages = {269--281},
	Publisher = {Elsevier},
	Title = {Dynamic hebbian learning in adaptive frequency oscillators},
	Volume = {216},
	Year = {2006}}

@inproceedings{geng2012design,
	Author = {Geng, Yanli and Yang, Peng and Xu, Xiaoyun and Chen, Lingling},
	Booktitle = {2012 24th Chinese Control and Decision Conference (CCDC)},
	Organization = {IEEE},
	Pages = {3724--3728},
	Title = {Design and simulation of active transfemoral prosthesis},
	Year = {2012}}

@book{sherrington1910integrative,
	Author = {Sherrington, Charles},
	Publisher = {CUP Archive},
	Title = {The integrative action of the nervous system},
	Year = {1910}}

@article{sherrington1910flexion,
	Author = {Sherrington, Charles Scott},
	Journal = {The Journal of physiology},
	Number = {1-2},
	Pages = {28--121},
	Publisher = {Wiley Online Library},
	Title = {Flexion-reflex of the limb, crossed extension-reflex, and reflex stepping and standing},
	Volume = {40},
	Year = {1910}}

@article{capaday1987difference,
	Author = {Capaday, C and Stein, RB},
	Journal = {The Journal of physiology},
	Pages = {513},
	Publisher = {Wiley-Blackwell},
	Title = {Difference in the amplitude of the human soleus H reflex during walking and running.},
	Volume = {392},
	Year = {1987}}

@article{yang1991contribution,
	Author = {Yang, JF and Stein, RB and James, KB},
	Journal = {Experimental Brain Research},
	Number = {3},
	Pages = {679--687},
	Publisher = {Springer},
	Title = {Contribution of peripheral afferents to the activation of the soleus muscle during walking in humans},
	Volume = {87},
	Year = {1991}}

@article{grey2007positive,
	Author = {Grey, Michael J and Nielsen, Jens Bo and Mazzaro, Nazarena and Sinkj{\ae}r, Thomas},
	Journal = {The Journal of physiology},
	Number = {1},
	Pages = {99--105},
	Publisher = {Wiley Online Library},
	Title = {Positive force feedback in human walking},
	Volume = {581},
	Year = {2007}}

@article{yang1990phase,
	Author = {Yang, JAYNIE F and Stein, RICHARD B},
	Journal = {Journal of Neurophysiology},
	Number = {5},
	Pages = {1109--1117},
	Publisher = {Am Physiological Soc},
	Title = {Phase-dependent reflex reversal in human leg muscles during walking},
	Volume = {63},
	Year = {1990}}

@article{hase2003human,
	Author = {Hase, Kazunori and Miyashita, Kazuo and Ok, Sooyol and Arakawa, Yoshiki},
	Journal = {The Journal of Visualization and Computer Animation},
	Number = {2},
	Pages = {73--92},
	Publisher = {John Wiley \& Sons, Ltd.},
	Title = {Human gait simulation with a neuromusculoskeletal model and evolutionary computation},
	Volume = {14},
	Year = {2003}}

@article{ogihara2001generation,
	Author = {Ogihara, Naomichi and Yamazaki, Nobutoshi},
	Journal = {Biological cybernetics},
	Number = {1},
	Pages = {1--11},
	Publisher = {Springer},
	Title = {Generation of human bipedal locomotion by a bio-mimetic neuro-musculo-skeletal model},
	Volume = {84},
	Year = {2001}}

@article{pierrynowski1985physiological,
	Author = {Pierrynowski, Michael Raymond and Morrison, James Barbour},
	Journal = {Mathematical Biosciences},
	Number = {1},
	Pages = {69--101},
	Publisher = {Elsevier},
	Title = {A physiological model for the evaluation of muscular forces in human locomotion: theoretical aspects},
	Volume = {75},
	Year = {1985}}

@article{davy1987dynamic,
	Author = {Davy, DT and Audu, ML},
	Journal = {Journal of biomechanics},
	Number = {2},
	Pages = {187--201},
	Publisher = {Elsevier},
	Title = {A dynamic optimization technique for predicting muscle forces in the swing phase of gait},
	Volume = {20},
	Year = {1987}}

@inproceedings{desai2013muscle,
	Author = {Desai, Ruta and Geyer, Hartmut},
	Booktitle = {Robotics and Automation (ICRA), 2013 IEEE International Conference on},
	Organization = {IEEE},
	Pages = {2169--2174},
	Title = {Muscle-reflex control of robust swing leg placement},
	Year = {2013}}

@incollection{wu2017versatile,
	Author = {Wu, Amy R and Dzeladini, Florin and Brug, Tycho JH and Tamburella, Federica and Tagliamonte, Nevio L and van Asseldonk, Edwin and van der Kooij, Herman and Ijspeert, Auke J},
	Booktitle = {Wearable Robotics: Challenges and Trends},
	Pages = {163--167},
	Publisher = {Springer},
	Title = {A Versatile Neuromuscular Exoskeleton Controller for Gait Assistance: A Preliminary Study on Spinal Cord Injury Patients},
	Year = {2017}}

@inproceedings{murai2011neuromuscular,
	Author = {Murai, Akihiko and Yamane, Katsu},
	Booktitle = {Robotics and Automation (ICRA), 2011 IEEE International Conference on},
	Organization = {IEEE},
	Pages = {1997--2002},
	Title = {A neuromuscular locomotion controller that realizes human-like responses to unexpected disturbances},
	Year = {2011}}

@article{wu2011electromyography,
	Author = {Wu, Sai-Kit and Waycaster, Garrett and Shen, Xiangrong},
	Journal = {Control Engineering Practice},
	Number = {8},
	Pages = {875--882},
	Publisher = {Elsevier},
	Title = {Electromyography-based control of active above-knee prostheses},
	Volume = {19},
	Year = {2011}}

@inproceedings{wang2013proportional,
	Author = {Wang, Jing and Kannape, Oliver A and Herr, Hugh M},
	Booktitle = {Rehabilitation Robotics (ICORR), 2013 IEEE International Conference on},
	Organization = {IEEE},
	Pages = {1--5},
	Title = {Proportional EMG control of ankle plantar flexion in a powered transtibial prosthesis},
	Year = {2013}}

@article{huang2009strategy,
	Author = {Huang, He and Kuiken, Todd A and Lipschutz, Robert D and others},
	Journal = {IEEE Transactions on Biomedical Engineering},
	Number = {1},
	Pages = {65--73},
	Publisher = {IEEE},
	Title = {A strategy for identifying locomotion modes using surface electromyography},
	Volume = {56},
	Year = {2009}}

@article{huang2011continuous,
	Author = {Huang, He and Zhang, Fan and Hargrove, Levi J and Dou, Zhi and Rogers, Daniel R and Englehart, Kevin B},
	Journal = {IEEE Transactions on Biomedical Engineering},
	Number = {10},
	Pages = {2867--2875},
	Publisher = {IEEE},
	Title = {Continuous locomotion-mode identification for prosthetic legs based on neuromuscular--mechanical fusion},
	Volume = {58},
	Year = {2011}}

@article{hargrove2015intuitive,
	Author = {Hargrove, Levi J and Young, Aaron J and Simon, Ann M and Fey, Nicholas P and Lipschutz, Robert D and Finucane, Suzanne B and Halsne, Elizabeth G and Ingraham, Kimberly A and Kuiken, Todd A},
	Journal = {JAMA},
	Number = {22},
	Pages = {2244--2252},
	Publisher = {American Medical Association},
	Title = {Intuitive control of a powered prosthetic leg during ambulation: a randomized clinical trial},
	Volume = {313},
	Year = {2015}}

@inproceedings{flowers1974use,
	Author = {Flowers, Woodie C},
	Booktitle = {Proceedings of the 1974 annual conference-Volume 1},
	Organization = {ACM},
	Pages = {335--339},
	Title = {Use of an amputee-computer interactive facility in above-knee prosthesis research},
	Year = {1974}}

@phdthesis{donath1974proportional,
	Author = {Donath, Max},
	School = {Massachusetts Institute of Technology},
	Title = {Proportional EMG control for above knee pros-theses.},
	Year = {1974}}

@inproceedings{au2007biomechanical,
	Author = {Au, Samuel K and Weber, Jeff and Herr, Hugh},
	Booktitle = {2007 IEEE 10th International conference on rehabilitation robotics},
	Organization = {IEEE},
	Pages = {298--303},
	Title = {Biomechanical design of a powered ankle-foot prosthesis},
	Year = {2007}}

@article{au2008powered,
	Author = {Au, Samuel K and Herr, Hugh M},
	Journal = {IEEE Robotics \& Automation Magazine},
	Number = {3},
	Pages = {52--59},
	Publisher = {IEEE},
	Title = {Powered ankle-foot prosthesis},
	Volume = {15},
	Year = {2008}}

@inproceedings{bellman2008sparky,
	Author = {Bellman, Ryan D and Holgate, Matthew A and Sugar, Thomas G},
	Booktitle = {2008 2nd IEEE RAS \& EMBS International Conference on Biomedical Robotics and Biomechatronics},
	Organization = {IEEE},
	Pages = {511--516},
	Title = {SPARKy 3: Design of an active robotic ankle prosthesis with two actuated degrees of freedom using regenerative kinetics},
	Year = {2008}}

@inproceedings{shultz2014walking,
	Author = {Shultz, Amanda H and Mitchell, Jason E and Truex, Don and Lawson, Brian E and Ledoux, Elissa and Goldfarb, Michael},
	Booktitle = {2014 36th Annual International Conference of the IEEE Engineering in Medicine and Biology Society},
	Organization = {IEEE},
	Pages = {6203--6206},
	Title = {A walking controller for a powered ankle prosthesis},
	Year = {2014}}

@inproceedings{hitt2007sparky,
	Author = {Hitt, Joseph K and Bellman, Ryan and Holgate, Matthew and Sugar, Thomas G and Hollander, Kevin W},
	Booktitle = {ASME 2007 International Design Engineering Technical Conferences and Computers and Information in Engineering Conference},
	Organization = {American Society of Mechanical Engineers},
	Pages = {1587--1596},
	Title = {The sparky (spring ankle with regenerative kinetics) project: Design and analysis of a robotic transtibial prosthesis with regenerative kinetics},
	Year = {2007}}

@article{rouse2014clutchable,
	Author = {Rouse, Elliott J and Mooney, Luke M and Herr, Hugh M},
	Journal = {The International Journal of Robotics Research},
	Pages = {0278364914545673},
	Publisher = {SAGE Publications},
	Title = {Clutchable series-elastic actuator: Implications for prosthetic knee design},
	Year = {2014}}

@inproceedings{martinez2008design,
	Author = {Martinez-Villalpando, Ernesto C and Weber, Jeff and Elliott, Grant and Herr, Hugh},
	Booktitle = {2008 2nd IEEE RAS \& EMBS International Conference on Biomedical Robotics and Biomechatronics},
	Organization = {IEEE},
	Pages = {529--534},
	Title = {Design of an agonist-antagonist active knee prosthesis},
	Year = {2008}}

@article{seok2015design,
	Author = {Seok, Sangok and Wang, Albert and Chuah, Meng Yee Michael and Hyun, Dong Jin and Lee, Jongwoo and Otten, David M and Lang, Jeffrey H and Kim, Sangbae},
	Journal = {IEEE/ASME Transactions on Mechatronics},
	Number = {3},
	Pages = {1117--1129},
	Publisher = {IEEE},
	Title = {Design principles for energy-efficient legged locomotion and implementation on the MIT Cheetah Robot},
	Volume = {20},
	Year = {2015}}

@phdthesis{grimes2013atrias,
	Author = {Grimes, Jesse A},
	School = {Oregon State University},
	Title = {ATRIAS 1.0 \& 2.1: enabling agile biped locomotion with a template-driven approach to robot design},
	Year = {2013}}

@inproceedings{lenzi2014minimum,
	Author = {Lenzi, T and Hargrove, LJ and Sensinger, JW},
	Booktitle = {Conference Proceedings IEEE Engineering in Medicine and Biology Society},
	Pages = {2492--2495},
	Title = {Minimum jerk swing control allows variable cadence in powered transfemoral prostheses},
	Year = {2014}}

@article{ha2011volitional,
	Author = {Ha, Kevin H and Varol, Huseyin Atakan and Goldfarb, Michael},
	Journal = {IEEE Transactions on Biomedical Engineering},
	Number = {1},
	Pages = {144--151},
	Publisher = {IEEE},
	Title = {Volitional control of a prosthetic knee using surface electromyography},
	Volume = {58},
	Year = {2011}}

@article{varol2010multiclass,
	Author = {Varol, Huseyin Atakan and Sup, Frank and Goldfarb, Michael},
	Journal = {IEEE Transactions on Biomedical Engineering},
	Number = {3},
	Pages = {542--551},
	Publisher = {IEEE},
	Title = {Multiclass real-time intent recognition of a powered lower limb prosthesis},
	Volume = {57},
	Year = {2010}}

@article{gregg2014virtual,
	Author = {Gregg, Robert D and Lenzi, Tommaso and Hargrove, Levi J and Sensinger, Jonathon W},
	Journal = {IEEE Transactions on Robotics},
	Number = {6},
	Pages = {1455--1471},
	Publisher = {IEEE},
	Title = {Virtual constraint control of a powered prosthetic leg: From simulation to experiments with transfemoral amputees},
	Volume = {30},
	Year = {2014}}

@misc{maxon_flat_motor,
	Author = {Maxon Motor},
	Month = {Apr},
	Title = {Maxon Flat Motor},
	Url = {http://www.maxonmotorusa.com/medias/sys_master/root/8821068005406/16-304-en.pdf},
	Year = {2016},
	Bdsk-Url-1 = {http://www.maxonmotorusa.com/medias/sys_master/root/8821068005406/16-304-en.pdf}}

@misc{maxon_ec4pole,
	Author = {Maxon Motor},
	Month = {Apr},
	Title = {Mason EC-4pole},
	Url = {http://www.maxonmotorusa.com/medias/sys_master/root/8821066268702/16-274-en.pdf},
	Year = {2016},
	Bdsk-Url-1 = {http://www.maxonmotorusa.com/medias/sys_master/root/8821066268702/16-274-en.pdf}}

@book{lide2004crc,
	Author = {Lide, David R},
	Publisher = {CRC press},
	Title = {CRC handbook of chemistry and physics},
	Volume = {85},
	Year = {2004}}

@inproceedings{pratt2008design,
	Author = {Pratt, Jerry and Krupp, Ben},
	Booktitle = {SPIE defense and security symposium},
	Organization = {International Society for Optics and Photonics},
	Pages = {69621F--69621F},
	Title = {Design of a bipedal walking robot},
	Year = {2008}}

@phdthesis{robinson2000design,
	Author = {Robinson, David William},
	School = {Massachusetts Institute of Technology},
	Title = {Design and analysis of series elasticity in closed-loop actuator force control},
	Year = {2000}}

@inproceedings{caputo2013experimental,
	Author = {Caputo, Joshua M and Collins, Steven H},
	Booktitle = {Robotics and automation (ICRA), 2013 IEEE international conference on},
	Organization = {IEEE},
	Pages = {2645--2650},
	Title = {An experimental robotic testbed for accelerated development of ankle prostheses},
	Year = {2013}}

@inproceedings{caputo2015informing,
	Author = {Caputo, Joshua M and Adamczyk, Peter G and Collins, Steven H},
	Booktitle = {2015 IEEE International Conference on Robotics and Automation (ICRA)},
	Organization = {IEEE},
	Pages = {6445--6450},
	Title = {Informing ankle-foot prosthesis prescription through haptic emulation of candidate devices},
	Year = {2015}}

@article{rall1984energetic,
	Author = {Rall, Jack Alan},
	Journal = {Exercise and sport sciences reviews},
	Pages = {33--74},
	Title = {Energetic aspects of skeletal muscle contraction: implications of fiber types.},
	Volume = {13},
	Year = {1984}}

@article{sawicki2009pays,
	Author = {Sawicki, Gregory S and Lewis, Cara L and Ferris, Daniel P},
	Journal = {Exercise and sport sciences reviews},
	Number = {3},
	Pages = {130},
	Publisher = {NIH Public Access},
	Title = {It pays to have a spring in your step},
	Volume = {37},
	Year = {2009}}

@inproceedings{holgate2008sparky,
	Author = {Holgate, Matthew A and Hitt, Joseph K and Bellman, Ryan D and Sugar, Thomas G and Hollander, Kevin W},
	Booktitle = {2008 2nd IEEE RAS \& EMBS International Conference on Biomedical Robotics and Biomechatronics},
	Organization = {IEEE},
	Pages = {163--168},
	Title = {The SPARKy (Spring Ankle with Regenerative kinetics) project: Choosing a DC motor based actuation method},
	Year = {2008}}

@inproceedings{martinez2011antagonistic,
	Author = {Martinez-Villalpando, Ernesto C and Mooney, Luke and Elliott, Grant and Herr, Hugh},
	Booktitle = {2011 Annual International Conference of the IEEE Engineering in Medicine and Biology Society},
	Organization = {IEEE},
	Pages = {8519--8522},
	Title = {Antagonistic active knee prosthesis. a metabolic cost of walking comparison with a variable-damping prosthetic knee},
	Year = {2011}}

@article{schillings2000muscular,
	Author = {Schillings, AM and Van Wezel, BMH and Mulder, TH and Duysens, Jaak},
	Journal = {Journal of Neurophysiology},
	Number = {4},
	Pages = {2093--2102},
	Publisher = {Am Physiological Soc},
	Title = {Muscular responses and movement strategies during stumbling over obstacles},
	Volume = {83},
	Year = {2000}}

@article{hofstad2009evidence,
	Author = {Hofstad, Cheriel J and Weerdesteyn, Vivian and van der Linde, Harmen and Nienhuis, Bart and Geurts, Alexander C and Duysens, Jacques},
	Journal = {Clinical Neurophysiology},
	Number = {5},
	Pages = {1009--1015},
	Publisher = {Elsevier},
	Title = {Evidence for bilaterally delayed and decreased obstacle avoidance responses while walking with a lower limb prosthesis},
	Volume = {120},
	Year = {2009}}

@article{bellmann2010comparative,
	Author = {Bellmann, Malte and Schmalz, Thomas and Blumentritt, Siegmar},
	Journal = {Archives of physical medicine and rehabilitation},
	Number = {4},
	Pages = {644--652},
	Publisher = {Elsevier},
	Title = {Comparative biomechanical analysis of current microprocessor-controlled prosthetic knee joints},
	Volume = {91},
	Year = {2010}}

@article{cordero2005energy,
	Author = {Cordero, A Forner and Koopman, HJFM and van der Helm, Frans CT},
	Journal = {Gait \& posture},
	Number = {3},
	Pages = {243--254},
	Publisher = {Elsevier},
	Title = {Energy analysis of human stumbling: the limitations of recovery},
	Volume = {21},
	Year = {2005}}

@article{pijnappels2004contribution,
	Author = {Pijnappels, Mirjam and Bobbert, Maarten F and van Die{\"e}n, Jaap H},
	Journal = {Journal of biomechanics},
	Number = {12},
	Pages = {1811--1818},
	Publisher = {Elsevier},
	Title = {Contribution of the support limb in control of angular momentum after tripping},
	Volume = {37},
	Year = {2004}}

@inproceedings{kajita1991study,
	Author = {Kajita, Shuuji and Tani, Kazuo},
	Booktitle = {Robotics and Automation, 1991. Proceedings., 1991 IEEE International Conference on},
	Organization = {IEEE},
	Pages = {1405--1411},
	Title = {Study of dynamic biped locomotion on rugged terrain-derivation and application of the linear inverted pendulum mode},
	Year = {1991}}

@inproceedings{kajita20013d,
	Author = {Kajita, Shuuji and Kanehiro, Fumio and Kaneko, Kenji and Yokoi, Kazuhito and Hirukawa, Hirohisa},
	Booktitle = {Intelligent Robots and Systems, 2001. Proceedings. 2001 IEEE/RSJ International Conference on},
	Organization = {IEEE},
	Pages = {239--246},
	Title = {The 3D Linear Inverted Pendulum Mode: A simple modeling for a biped walking pattern generation},
	Volume = {1},
	Year = {2001}}

@inproceedings{takanishi1990realization,
	Author = {Takanishi, Atsuo and Lim, Hun-ok and Tsuda, Masayuki and Kato, Ichiro},
	Booktitle = {Intelligent Robots and Systems' 90.'Towards a New Frontier of Applications', Proceedings. IROS'90. IEEE International Workshop on},
	Organization = {IEEE},
	Pages = {323--330},
	Title = {Realization of dynamic biped walking stabilized by trunk motion on a sagittally uneven surface},
	Year = {1990}}

@inproceedings{kagami2000fast,
	Author = {Kagami, Satoshi and Nishiwaki, Koichi and Kitagawa, Tomonobu and Sugihara, Tomomichi and Inaba, Masayuki and Inoue, Hirochika},
	Booktitle = {Proc. of IEEE International Conference on Humanoid Robotics (Humanoid2000)},
	Title = {A fast generation method of a dynamically stable humanoid robot trajectory with enhanced zmp constraint},
	Year = {2000}}

@inproceedings{kajita2003biped,
	Author = {Kajita, Shuuji and Kanehiro, Fumio and Kaneko, Kenji and Fujiwara, Kiyoshi and Harada, Kensuke and Yokoi, Kazuhito and Hirukawa, Hirohisa},
	Booktitle = {Robotics and Automation, 2003. Proceedings. ICRA'03. IEEE International Conference on},
	Organization = {IEEE},
	Pages = {1620--1626},
	Title = {Biped walking pattern generation by using preview control of zero-moment point},
	Volume = {2},
	Year = {2003}}

@inproceedings{shimmyo2010biped,
	Author = {Shimmyo, Shuhei and Sato, Tomoya and Ohnishi, Kouhei},
	Booktitle = {2010 11th IEEE International Workshop on Advanced Motion Control (AMC)},
	Organization = {IEEE},
	Pages = {414--419},
	Title = {Biped walking pattern generation by using preview control with virtual plane method},
	Year = {2010}}

@article{kajita2007zmp,
	Author = {Kajita, Shuuji and Nagasaki, Takashi and Kaneko, Kenji and Hirukawa, Hirohisa},
	Journal = {IEEE robotics \& automation magazine},
	Number = {14},
	Pages = {63--72},
	Title = {ZMP-based biped running control},
	Volume = {2},
	Year = {2007}}

@inproceedings{hirai1998development,
	Author = {Hirai, Kazuo and Hirose, Masato and Haikawa, Yuji and Takenaka, Toru},
	Booktitle = {Robotics and Automation, 1998. Proceedings. 1998 IEEE International Conference on},
	Organization = {IEEE},
	Pages = {1321--1326},
	Title = {The development of Honda humanoid robot},
	Volume = {2},
	Year = {1998}}

@article{hutter2013hybrid,
	Author = {Hutter, Marco and Hoepflinger, Mark A and Gehring, Christian and Bloesch, Michael and Remy, C David and Siegwart, Roland},
	Journal = {Robotics: Science and systems VIII},
	Pages = {129},
	Publisher = {MIT Press},
	Title = {Hybrid operational space control for compliant legged systems},
	Year = {2013}}

@inproceedings{herzog2014balancing,
	Author = {Herzog, Alexander and Righetti, Ludovic and Grimminger, Felix and Pastor, Peter and Schaal, Stefan},
	Booktitle = {2014 IEEE/RSJ International Conference on Intelligent Robots and Systems},
	Organization = {IEEE},
	Pages = {981--988},
	Title = {Balancing experiments on a torque-controlled humanoid with hierarchical inverse dynamics},
	Year = {2014}}

@article{saab2013dynamic,
	Author = {Saab, Layale and Ramos, Oscar E and Keith, Fran{\c{c}}ois and Mansard, Nicolas and Soueres, Philippe and Fourquet, Jean-Yves},
	Journal = {IEEE Transactions on Robotics},
	Number = {2},
	Pages = {346--362},
	Publisher = {IEEE},
	Title = {Dynamic whole-body motion generation under rigid contacts and other unilateral constraints},
	Volume = {29},
	Year = {2013}}

@inproceedings{wensing2013generation,
	Author = {Wensing, Patrick M and Orin, David E},
	Booktitle = {Robotics and Automation (ICRA), 2013 IEEE International Conference on},
	Organization = {IEEE},
	Pages = {3103--3109},
	Title = {Generation of dynamic humanoid behaviors through task-space control with conic optimization},
	Year = {2013}}

@inproceedings{martin2015robust,
	Author = {Martin, William C and Wu, Albert and Geyer, Hartmut},
	Booktitle = {2015 IEEE International Conference on Robotics and Automation (ICRA)},
	Organization = {IEEE},
	Pages = {6307--6312},
	Title = {Robust spring mass model running for a physical bipedal robot},
	Year = {2015}}

@article{sreenath2011compliant,
	Author = {Sreenath, Koushil and Park, Hae-Won and Poulakakis, Ioannis and Grizzle, Jessy W},
	Journal = {The International Journal of Robotics Research},
	Number = {9},
	Pages = {1170--1193},
	Publisher = {Sage Publications},
	Title = {A compliant hybrid zero dynamics controller for stable, efficient and fast bipedal walking on MABEL},
	Volume = {30},
	Year = {2011}}

@article{grimes1977feasibility,
	Author = {Grimes, DL and Flowers, WC and Donath, M},
	Journal = {Journal of Biomechanical Engineering},
	Number = {4},
	Pages = {215--221},
	Publisher = {American Society of Mechanical Engineers},
	Title = {Feasibility of an active control scheme for above knee prostheses},
	Volume = {99},
	Year = {1977}}

@phdthesis{grimes1979active,
	Author = {Grimes, Donald Lee},
	School = {Massachusetts Institute of Technology},
	Title = {An active multi-mode above knee prosthesis controller},
	Year = {1979}}

@techreport{raibert1983dynamically,
	Author = {Raibert, Marc Harold and Brown, H Benjamin and Chepponis, Michael and Hastings, Eugene},
	Institution = {Carnegie Mellon University},
	Title = {Dynamically stable legged locomotion: second report to DARPA, October 1, 1981-December 31, 1982},
	Year = {1983}}

@article{pratt2001virtual,
	Author = {Pratt, Jerry and Chew, Chee-Meng and Torres, Ann and Dilworth, Peter and Pratt, Gill},
	Journal = {The International Journal of Robotics Research},
	Number = {2},
	Pages = {129--143},
	Publisher = {SAGE Publications},
	Title = {Virtual model control: An intuitive approach for bipedal locomotion},
	Volume = {20},
	Year = {2001}}

@article{hogan1985impedance,
	Author = {Hogan, Neville},
	Journal = {Journal of dynamic systems, measurement, and control},
	Number = {1},
	Pages = {8--16},
	Publisher = {American Society of Mechanical Engineers},
	Title = {Impedance control: An approach to manipulation: Part II---Implementation},
	Volume = {107},
	Year = {1985}}

@article{zhao2016first,
	Author = {Zhao, Huihua and Horn, Jonathan and Reher, Jacob and Paredes, Victor and Ames, Aaron D},
	Journal = {Autonomous Robots},
	Pages = {1--18},
	Publisher = {Springer},
	Title = {First steps toward translating robotic walking to prostheses: a nonlinear optimization based control approach},
	Year = {2016}}

@article{hansen2010investigations,
	Author = {Hansen, Andrew H and Childress, Dudley S},
	Journal = {Disability and rehabilitation},
	Number = {26},
	Pages = {2201--2209},
	Publisher = {Taylor \& Francis},
	Title = {Investigations of roll-over shape: Implications for design, alignment, and evaluation of ankle-foot prostheses and orthoses},
	Volume = {32},
	Year = {2010}}

@article{rouse2013difference,
	Author = {Rouse, Elliott J and Gregg, Robert D and Hargrove, Levi J and Sensinger, Jonathon W},
	Journal = {IEEE Transactions on Biomedical Engineering},
	Number = {2},
	Pages = {562--568},
	Publisher = {IEEE},
	Title = {The difference between stiffness and quasi-stiffness in the context of biomechanical modeling},
	Volume = {60},
	Year = {2013}}

@article{won1995stability,
	Author = {Won, Justin and Hogan, Neville},
	Journal = {Experimental Brain Research},
	Number = {1},
	Pages = {125--136},
	Publisher = {Springer},
	Title = {Stability properties of human reaching movements},
	Volume = {107},
	Year = {1995}}

@article{burdet2001central,
	Author = {Burdet, Etienne and Osu, Rieko and Franklin, David W and Milner, Theodore E and Kawato, Mitsuo},
	Journal = {Nature},
	Number = {6862},
	Pages = {446--449},
	Publisher = {Nature Publishing Group},
	Title = {The central nervous system stabilizes unstable dynamics by learning optimal impedance},
	Volume = {414},
	Year = {2001}}

@article{kearney1989system,
	Author = {Kearney, Robert E and Hunter, Ian W},
	Journal = {Critical reviews in biomedical engineering},
	Number = {1},
	Pages = {55--87},
	Title = {System identification of human joint dynamics.},
	Volume = {18},
	Year = {1989}}

@article{gunther2003synthesis,
	Author = {G{\"u}nther, Michael and Ruder, Hanns},
	Journal = {Biological cybernetics},
	Number = {2},
	Pages = {89--106},
	Publisher = {Springer},
	Title = {Synthesis of two-dimensional human walking: a test of the $\lambda$-model},
	Volume = {89},
	Year = {2003}}

@inproceedings{song2013generalization,
	Author = {Song, Seungmoon and Geyer, Hartmut},
	Booktitle = {2013 35th Annual International Conference of the IEEE Engineering in Medicine and Biology Society (EMBC)},
	Organization = {IEEE},
	Pages = {7463--7466},
	Title = {Generalization of a muscle-reflex control model to 3D walking},
	Year = {2013}}

@article{scott1993biomechanical,
	Author = {Scott, Stephen H and Winter, David A},
	Journal = {Journal of biomechanics},
	Number = {9},
	Pages = {1091--1104},
	Publisher = {Elsevier},
	Title = {Biomechanical model of the human foot: kinematics and kinetics during the stance phase of walking},
	Volume = {26},
	Year = {1993}}

@inproceedings{song2013integration,
	Author = {Song, Seungmoon and Desai, Ruta and Geyer, Hartmut},
	Booktitle = {2013 35th Annual International Conference of the IEEE Engineering in Medicine and Biology Society (EMBC)},
	Organization = {IEEE},
	Pages = {4915--4918},
	Title = {Integration of an adaptive swing control into a neuromuscular human walking model},
	Year = {2013}}

@inproceedings{yin2007simbicon,
	Author = {Yin, KangKang and Loken, Kevin and Van de Panne, Michiel},
	Booktitle = {ACM Transactions on Graphics (TOG)},
	Organization = {ACM},
	Pages = {105},
	Title = {Simbicon: Simple biped locomotion control},
	Volume = {26},
	Year = {2007}}

@inproceedings{pratt2006capture,
	Author = {Pratt, Jerry and Carff, John and Drakunov, Sergey and Goswami, Ambarish},
	Booktitle = {2006 6th IEEE-RAS international conference on humanoid robots},
	Organization = {IEEE},
	Pages = {200--207},
	Title = {Capture point: A step toward humanoid push recovery},
	Year = {2006}}

@article{liu2016terrain,
	Author = {Liu, Yiping and Wensing, Patrick M and Schmiedeler, James P and Orin, David E},
	Journal = {IEEE Robotics and Automation Letters},
	Number = {2},
	Pages = {1073--1080},
	Publisher = {IEEE},
	Title = {Terrain-Blind Humanoid Walking Based on a 3-D Actuated Dual-SLIP Model},
	Volume = {1},
	Year = {2016}}

@inproceedings{ajallooeian2013central,
	Author = {Ajallooeian, Mostafa and Pouya, Soha and Sproewitz, Alexander and Ijspeert, Auke J},
	Booktitle = {Robotics and Automation (ICRA), 2013 IEEE International Conference on},
	Organization = {IEEE},
	Pages = {3321--3328},
	Title = {Central pattern generators augmented with virtual model control for quadruped rough terrain locomotion},
	Year = {2013}}

@article{garrett1983role,
	Author = {Garrett, M and Luckwill, RG},
	Journal = {European journal of applied physiology and occupational physiology},
	Number = {1},
	Pages = {36--41},
	Publisher = {Springer},
	Title = {Role of reflex responses of knee musculature during the swing phase of walking in man},
	Volume = {52},
	Year = {1983}}

@article{novacheck1998biomechanics,
	Author = {Novacheck, Tom F},
	Journal = {Gait \& posture},
	Number = {1},
	Pages = {77--95},
	Publisher = {Elsevier},
	Title = {The biomechanics of running},
	Volume = {7},
	Year = {1998}}

@phdthesis{whitley2008maximum,
	Author = {Whitley, Michael James},
	School = {Virginia Polytechnic Institute and State University},
	Title = {Maximum Absolute and Relative Joint Torques during Recovery from a Simulated Trip},
	Year = {2008}}

@techreport{gordon1989anthropometric,
	Author = {Gordon, Claire C and Churchill, Thomas and Clauser, Charles E and Bradtmiller, Bruce and McConville, John T},
	Institution = {Anthropology Research Project Inc Yellow Springs OH},
	Title = {Anthropometric survey of US army personnel: methods and summary statistics 1988},
	Year = {1989}}

@article{mcneill2002energetics,
	Author = {McNeill Alexander, R},
	Journal = {American journal of human biology},
	Number = {5},
	Pages = {641--648},
	Publisher = {Wiley Online Library},
	Title = {Energetics and optimization of human walking and running: the 2000 Raymond Pearl memorial lecture},
	Volume = {14},
	Year = {2002}}

@article{umberger2003model,
	Author = {Umberger, Brian R and Gerritsen, Karin GM and Martin, Philip E},
	Journal = {Computer methods in biomechanics and biomedical engineering},
	Number = {2},
	Pages = {99--111},
	Publisher = {Taylor \& Francis},
	Title = {A model of human muscle energy expenditure},
	Volume = {6},
	Year = {2003}}

@inproceedings{brown2012amputation,
	Author = {Brown, Benjamin J and Crone, Charlie G and Attinger, Christopher E},
	Booktitle = {Seminars in Vascular Surgery},
	Date-Modified = {2019-03-10 20:38:13 -0400},
	Organization = {Elsevier},
	Pages = {115--121},
	Title = {Amputation in the Diabetic to Maximize Function},
	Volume = {25},
	Year = {2012}}

@article{townsend1985biped,
	Author = {Townsend, Miles A},
	Journal = {Journal of biomechanics},
	Number = {1},
	Pages = {21--38},
	Publisher = {Elsevier},
	Title = {Biped gait stabilization via foot placement},
	Volume = {18},
	Year = {1985}}

@book{raibert1986legged,
	Author = {Raibert, Marc H},
	Publisher = {MIT press},
	Title = {Legged robots that balance},
	Year = {1986}}

@article{seyfarth2002movement,
	Author = {Seyfarth, Andre and Geyer, Hartmut and G{\"u}nther, Michael and Blickhan, Reinhard},
	Journal = {Journal of biomechanics},
	Number = {5},
	Pages = {649--655},
	Publisher = {Elsevier},
	Title = {A movement criterion for running},
	Volume = {35},
	Year = {2002}}

@article{wu20133,
	Author = {Wu, Albert and Geyer, Hartmut},
	Journal = {IEEE Transactions on Robotics},
	Number = {5},
	Pages = {1114--1124},
	Publisher = {IEEE},
	Title = {The 3-d spring--mass model reveals a time-based deadbeat control for highly robust running and steering in uncertain environments},
	Volume = {29},
	Year = {2013}}

@article{robinovitch2013video,
	Author = {Robinovitch, Stephen N and Feldman, Fabio and Yang, Yijian and Schonnop, Rebecca and Leung, Pet Ming and Sarraf, Thiago and Sims-Gould, Joanie and Loughin, Marie},
	Journal = {The Lancet},
	Number = {9860},
	Pages = {47--54},
	Publisher = {Elsevier},
	Title = {Video capture of the circumstances of falls in elderly people residing in long-term care: an observational study},
	Volume = {381},
	Year = {2013}}

@article{pomerleau1991efficient,
	Author = {Pomerleau, Dean A},
	Journal = {Neural Computation},
	Number = {1},
	Pages = {88--97},
	Publisher = {MIT Press},
	Title = {Efficient training of artificial neural networks for autonomous navigation},
	Volume = {3},
	Year = {1991}}

@article{schaal1999imitation,
	Author = {Schaal, Stefan},
	Journal = {Trends in cognitive sciences},
	Number = {6},
	Pages = {233--242},
	Publisher = {Elsevier},
	Title = {Is imitation learning the route to humanoid robots?},
	Volume = {3},
	Year = {1999}}

@inproceedings{ziebart2009human,
	Author = {Ziebart, Brian D and Maas, Andrew L and Bagnell, J Andrew and Dey, Anind K},
	Booktitle = {AAAI Spring Symposium: Human Behavior Modeling},
	Pages = {92},
	Title = {Human Behavior Modeling with Maximum Entropy Inverse Optimal Control.},
	Year = {2009}}

@inproceedings{ng2000algorithms,
	Author = {Ng, Andrew Y and Russell, Stuart J and others},
	Booktitle = {ICML},
	Pages = {663--670},
	Title = {Algorithms for inverse reinforcement learning.},
	Year = {2000}}

@inproceedings{ratliff2006maximum,
	Author = {Ratliff, Nathan D and Bagnell, J Andrew and Zinkevich, Martin A},
	Booktitle = {Proceedings of the 23rd international conference on Machine learning},
	Organization = {ACM},
	Pages = {729--736},
	Title = {Maximum margin planning},
	Year = {2006}}

@phdthesis{caputo2015thesis,
	Author = {Caputo, Joshua M},
	School = {Carnegie Mellon University Pittsburgh, PA},
	Title = {Informing ankle-foot prosthesis design and prescription through systematic experimentation with a tethered robotic prosthesis},
	Year = {2015}}

@article{siegel1956nonparametric,
	Author = {Siegel, Sidney},
	Publisher = {McGraw-hill},
	Title = {Nonparametric statistics for the behavioral sciences.},
	Year = {1956}}

@article{kingsley2006preference,
	Author = {Kingsley, David C},
	Journal = {Dept. of Economics. University of Colorado},
	Title = {Preference uncertainty, preference refinement and paired comparison choice experiments},
	Year = {2006}}

@article{kendall1948rank,
	Author = {Kendall, Maurice George},
	Publisher = {Griffin},
	Title = {Rank correlation methods.},
	Year = {1948}}

@inproceedings{knox2009interactively,
	Author = {Knox, W Bradley and Stone, Peter},
	Booktitle = {Proceedings of the fifth international conference on Knowledge capture},
	Organization = {ACM},
	Pages = {9--16},
	Title = {Interactively shaping agents via human reinforcement: The TAMER framework},
	Year = {2009}}

@incollection{knox2013training,
	Author = {Knox, W Bradley and Stone, Peter and Breazeal, Cynthia},
	Booktitle = {Social Robotics},
	Pages = {460--470},
	Publisher = {Springer},
	Title = {Training a robot via human feedback: A case study},
	Year = {2013}}

@inproceedings{sutton1999policy,
	Author = {Sutton, Richard S and McAllester, David A and Singh, Satinder P and Mansour, Yishay and others},
	Booktitle = {NIPS},
	Organization = {Citeseer},
	Pages = {1057--1063},
	Title = {Policy Gradient Methods for Reinforcement Learning with Function Approximation.},
	Volume = {99},
	Year = {1999}}

@article{kushner1964new,
	Author = {Kushner, Harold J},
	Journal = {Journal of Fluids Engineering},
	Number = {1},
	Pages = {97--106},
	Publisher = {American Society of Mechanical Engineers},
	Title = {A new method of locating the maximum point of an arbitrary multipeak curve in the presence of noise},
	Volume = {86},
	Year = {1964}}

@article{jones1998efficient,
	Author = {Jones, Donald R and Schonlau, Matthias and Welch, William J},
	Journal = {Journal of Global optimization},
	Number = {4},
	Pages = {455--492},
	Publisher = {Springer},
	Title = {Efficient global optimization of expensive black-box functions},
	Volume = {13},
	Year = {1998}}

@article{srinivas2012information,
	Author = {Srinivas, Niranjan and Krause, Andreas and Kakade, Sham M and Seeger, Matthias W},
	Journal = {IEEE Transactions on Information Theory},
	Number = {5},
	Pages = {3250--3265},
	Publisher = {IEEE},
	Title = {Information-theoretic regret bounds for gaussian process optimization in the bandit setting},
	Volume = {58},
	Year = {2012}}

@article{hennig2012entropy,
	Author = {Hennig, Philipp and Schuler, Christian J},
	Journal = {The Journal of Machine Learning Research},
	Number = {1},
	Pages = {1809--1837},
	Publisher = {JMLR. org},
	Title = {Entropy search for information-efficient global optimization},
	Volume = {13},
	Year = {2012}}

@inproceedings{hernandez2014predictive,
	Author = {Hern{\'a}ndez-Lobato, Jos{\'e} Miguel and Hoffman, Matthew W and Ghahramani, Zoubin},
	Booktitle = {Advances in Neural Information Processing Systems},
	Pages = {918--926},
	Title = {Predictive entropy search for efficient global optimization of black-box functions},
	Year = {2014}}

@inproceedings{chu2005preference,
	Author = {Chu, Wei and Ghahramani, Zoubin},
	Booktitle = {Proceedings of the 22nd international conference on Machine learning},
	Organization = {ACM},
	Pages = {137--144},
	Title = {Preference learning with Gaussian processes},
	Year = {2005}}

@book{williams2006gaussian,
	Author = {Williams, Christopher KI and Rasmussen, Carl Edward},
	Publisher = {MIT Press Cambridge, MA},
	Title = {Gaussian processes for machine learning},
	Volume = {2},
	Year = {2006}}

@inproceedings{eric2008active,
	Author = {Brochu, Eric and Freitas, Nando D and Ghosh, Abhijeet},
	Booktitle = {Advances in neural information processing systems},
	Pages = {409--416},
	Title = {Active preference learning with discrete choice data},
	Year = {2008}}

@article{solak2003derivative,
	Author = {Solak, E and Murray Smith, R and Leithead, WE and Leith, D and Rasmussen, CE},
	Journal = {Advances in Neural Information Processing Systems},
	Pages = {1057--1064},
	Publisher = {MIT Press},
	Title = {Derivative observations in Gaussian process models of dynamic systems},
	Year = {2003}}

@inproceedings{houlsby2012collaborative,
	Author = {Houlsby, Neil and Huszar, Ferenc and Ghahramani, Zoubin and Hern{\'a}ndez-lobato, Jose M},
	Booktitle = {Advances in Neural Information Processing Systems},
	Pages = {2096--2104},
	Title = {Collaborative gaussian processes for preference learning},
	Year = {2012}}

@phdthesis{brochu2010interactive,
	Author = {Brochu, E},
	School = {PhD thesis, University of British Columbia},
	Title = {Interactive Bayesian Optimization: Learning Parameters for Graphics and Animation},
	Year = {2010}}

@inproceedings{xu2010estimation,
	Author = {Xu, Linfeng and Li, X Rong},
	Booktitle = {Information Fusion (FUSION), 2010 13th Conference on},
	Organization = {IEEE},
	Pages = {1--6},
	Title = {Estimation and filtering of Gaussian variables with linear inequality constraints},
	Year = {2010}}

@inproceedings{brochu2010bayesian,
	Author = {Brochu, Eric and Brochu, Tyson and de Freitas, Nando},
	Booktitle = {Proceedings of the 2010 ACM SIGGRAPH/Eurographics Symposium on Computer Animation},
	Organization = {Eurographics Association},
	Pages = {103--112},
	Title = {A Bayesian interactive optimization approach to procedural animation design},
	Year = {2010}}

@book{cliff2003ordinal,
	Author = {Cliff, Norman and Keats, John A},
	Publisher = {Psychology Press},
	Title = {Ordinal measurement in the behavioral sciences},
	Year = {2003}}

@inproceedings{wilson2012bayesian,
	Author = {Wilson, Aaron and Fern, Alan and Tadepalli, Prasad},
	Booktitle = {Advances in neural information processing systems},
	Pages = {1133--1141},
	Title = {A bayesian approach for policy learning from trajectory preference queries},
	Year = {2012}}

@inproceedings{jain2013learning,
	Author = {Jain, Ashesh and Wojcik, Brian and Joachims, Thorsten and Saxena, Ashutosh},
	Booktitle = {Advances in neural information processing systems},
	Pages = {575--583},
	Title = {Learning trajectory preferences for manipulators via iterative improvement},
	Year = {2013}}

@inproceedings{akrour2014programming,
	Author = {Akrour, Riad and Schoenauer, Marc and Sebag, Mich{\`e}le and Souplet, Jean-Christophe},
	Booktitle = {International Conference on Machine Learning},
	Number = {32},
	Organization = {JMLR. org},
	Pages = {1503--1511},
	Title = {Programming by feedback},
	Year = {2014}}

@inproceedings{calandra2014bayesian,
	Author = {Calandra, Roberto and Gopalan, Nakul and Seyfarth, Andr{\'e} and Peters, Jan and Deisenroth, Marc Peter},
	Booktitle = {International Conference on Learning and Intelligent Optimization},
	Organization = {Springer},
	Pages = {274--290},
	Title = {Bayesian gait optimization for bipedal locomotion},
	Year = {2014}}

@inproceedings{tesch2011using,
	Author = {Tesch, Matthew and Schneider, Jeff and Choset, Howie},
	Booktitle = {2011 IEEE/RSJ International Conference on Intelligent Robots and Systems},
	Organization = {IEEE},
	Pages = {1069--1074},
	Title = {Using response surfaces and expected improvement to optimize snake robot gait parameters},
	Year = {2011}}

@article{mckay2000comparison,
	Author = {McKay, Michael D and Beckman, Richard J and Conover, William J},
	Journal = {Technometrics},
	Number = {1},
	Pages = {55--61},
	Publisher = {Taylor \& Francis Group},
	Title = {A comparison of three methods for selecting values of input variables in the analysis of output from a computer code},
	Volume = {42},
	Year = {2000}}

@inproceedings{pilarski2011online,
	Author = {Pilarski, Patrick M and Dawson, Michael R and Degris, Thomas and Fahimi, Farbod and Carey, Jason P and Sutton, Richard S},
	Booktitle = {2011 IEEE International Conference on Rehabilitation Robotics},
	Organization = {IEEE},
	Pages = {1--7},
	Title = {Online human training of a myoelectric prosthesis controller via actor-critic reinforcement learning},
	Year = {2011}}

@article{gong2010review,
	Author = {Gong, Daoxiong and Yan, Jie and Zuo, Guoyu},
	Journal = {Applied Computational Intelligence and Soft Computing},
	Publisher = {Hindawi Publishing Corporation},
	Title = {A review of gait optimization based on evolutionary computation},
	Volume = {2010},
	Year = {2010}}

@article{chen1997influence,
	Author = {Chen, IH and Kuo, KN and Andriacchi, TP},
	Journal = {Gait \& Posture},
	Number = {3},
	Pages = {171--176},
	Publisher = {Elsevier},
	Title = {The influence of walking speed on mechanical joint power during gait},
	Volume = {6},
	Year = {1997}}

@article{mcintosh2006gait,
	Author = {McIntosh, Andrew Stuart and Beatty, Karen T and Dwan, Leanne N and Vickers, Deborah R},
	Journal = {Journal of biomechanics},
	Number = {13},
	Pages = {2491--2502},
	Publisher = {Elsevier},
	Title = {Gait dynamics on an inclined walkway},
	Volume = {39},
	Year = {2006}}

@article{seyfarth2001stable,
	Author = {Seyfarth, Andr{\'e} and G{\"u}nther, Michael and Blickhan, Reinhard},
	Journal = {Biological cybernetics},
	Number = {5},
	Pages = {365--382},
	Publisher = {Springer},
	Title = {Stable operation of an elastic three-segment leg},
	Volume = {84},
	Year = {2001}}

@article{emanuel2016disturbance,
	Author = {Emanuel, Blair J and Collins, Steven H},
	Title = {A Disturbance Emulation Device for Stability and Recovery Testing},
	Year = {2016}}

@article{huang2016cyber,
	Author = {Huang, He and Crouch, Dustin L and Liu, Ming and Sawicki, Gregory S and Wang, Ding},
	Journal = {Annals of Biomedical Engineering},
	Number = {5},
	Pages = {1613--1624},
	Publisher = {Springer},
	Title = {A Cyber Expert System for Auto-Tuning Powered Prosthesis Impedance Control Parameters},
	Volume = {44},
	Year = {2016}}

@article{hill1938heat,
	Author = {Hill, A Vo},
	Journal = {Proceedings of the Royal Society of London B: Biological Sciences},
	Number = {843},
	Pages = {136--195},
	Publisher = {The Royal Society},
	Title = {The heat of shortening and the dynamic constants of muscle},
	Volume = {126},
	Year = {1938}}

@inproceedings{visser2012robust,
	Author = {Visser, LC and Stramigioli, S and Carloni, R},
	Booktitle = {Biomedical Robotics and Biomechatronics (BioRob), 2012 4th IEEE RAS \& EMBS International Conference on},
	Organization = {IEEE},
	Pages = {1626--1631},
	Title = {Robust bipedal walking with variable leg stiffness},
	Year = {2012}}

@article{morgan1977separation,
	Author = {Morgan, DL},
	Journal = {American Journal of Physiology-Cell Physiology},
	Number = {1},
	Pages = {45--49},
	Publisher = {Am Physiological Soc},
	Title = {Separation of active and passive components of short-range stiffness of muscle},
	Volume = {232},
	Year = {1977}}

@article{hu2011muscle,
	Author = {Hu, Xiao and Murray, Wendy M and Perreault, Eric J},
	Journal = {Journal of neurophysiology},
	Number = {4},
	Pages = {1633--1641},
	Publisher = {Am Physiological Soc},
	Title = {Muscle short-range stiffness can be used to estimate the endpoint stiffness of the human arm},
	Volume = {105},
	Year = {2011}}

@article{rack1974short,
	Author = {Rack, Peter MH and Westbury, DR},
	Journal = {The Journal of physiology},
	Number = {2},
	Pages = {331},
	Publisher = {Wiley-Blackwell},
	Title = {The short range stiffness of active mammalian muscle and its effect on mechanical properties},
	Volume = {240},
	Year = {1974}}

@inproceedings{sergi2012design,
	Author = {Sergi, Fabrizio and Accoto, Dino and Carpino, Giorgio and Tagliamonte, Nevio Luigi and Guglielmelli, Eugenio},
	Booktitle = {Biomedical Robotics and Biomechatronics (BioRob), 2012 4th IEEE RAS \& EMBS International Conference on},
	Organization = {IEEE},
	Pages = {1931--1936},
	Title = {Design and characterization of a compact rotary series elastic actuator for knee assistance during overground walking},
	Year = {2012}}

@article{shultz2016variable,
	Author = {Shultz, Amanda H and Lawson, Brian E and Goldfarb, Michael},
	Journal = {IEEE Transactions on Neural Systems and Rehabilitation Engineering},
	Number = {4},
	Pages = {495--505},
	Publisher = {IEEE},
	Title = {Variable cadence walking and ground adaptive standing with a powered ankle prosthesis},
	Volume = {24},
	Year = {2016}}

@article{wen2019online,
	Author = {Wen, Yue and Si, Jennie and Brandt, Andrea and Gao, Xiang and Huang, He},
	Journal = {IEEE transactions on cybernetics},
	Publisher = {IEEE},
	Title = {Online Reinforcement Learning Control for the Personalization of a Robotic Knee Prosthesis},
	Year = {2019}}

@article{azimi2019model,
	Author = {Azimi, Vahid and Shu, Tony and Zhao, Huihua and Gehlhar, Rachel and Simon, Dan and Ames, Aaron D},
	Journal = {IEEE Transactions on Systems, Man, and Cybernetics: Systems},
	Publisher = {IEEE},
	Title = {Model-Based Adaptive Control of Transfemoral Prostheses: Theory, Simulation, and Experiments},
	Year = {2019}}

@article{ames2014rapidly,
	Author = {Ames, Aaron D and Galloway, Kevin and Sreenath, Koushil and Grizzle, Jessy W},
	Journal = {IEEE Transactions on Automatic Control},
	Number = {4},
	Pages = {876--891},
	Publisher = {IEEE},
	Title = {Rapidly exponentially stabilizing control lyapunov functions and hybrid zero dynamics},
	Volume = {59},
	Year = {2014}}

@article{young2014intent,
	Author = {Young, Aaron J and Simon, Ann M and Fey, Nicholas P and Hargrove, Levi J},
	Journal = {Annals of biomedical engineering},
	Number = {3},
	Pages = {631--641},
	Publisher = {Springer},
	Title = {Intent recognition in a powered lower limb prosthesis using time history information},
	Volume = {42},
	Year = {2014}}

@article{young2014training,
	Author = {Young, Aaron J and Simon, Ann M and Hargrove, Levi J},
	Journal = {IEEE Transactions on Neural Systems and Rehabilitation Engineering},
	Number = {3},
	Pages = {671--677},
	Publisher = {IEEE},
	Title = {A training method for locomotion mode prediction using powered lower limb prostheses},
	Volume = {22},
	Year = {2014}}

@inproceedings{azocar2018design,
	Author = {Azocar, Alejandro F and Mooney, Luke M and Hargrove, Levi J and Rouse, Elliott J},
	Booktitle = {2018 7th IEEE International Conference on Biomedical Robotics and Biomechatronics (Biorob)},
	Organization = {IEEE},
	Pages = {111--118},
	Title = {Design and Characterization of an Open-Source Robotic Leg Prosthesis},
	Year = {2018}}

@article{hargraves1987direct,
	Author = {Hargraves, Charles R and Paris, Stephen W},
	Journal = {Journal of Guidance, Control, and Dynamics},
	Number = {4},
	Pages = {338--342},
	Title = {Direct trajectory optimization using nonlinear programming and collocation},
	Volume = {10},
	Year = {1987}}

@inproceedings{holgate2009novel,
  title={A novel control algorithm for wearable robotics using phase plane invariants},
  author={Holgate, Matthew A and Sugar, Thomas G and Bohler, Alexander W},
  booktitle={2009 IEEE International Conference on Robotics and Automation},
  pages={3845--3850},
  year={2009},
  organization={IEEE}
}
